[gd_scene load_steps=17 format=2]

[ext_resource path="res://test_3D_occluders/camera.gd" type="Script" id=1]
[ext_resource path="res://test_3D_occluders/OBSTACLE.gd" type="Script" id=2]
[ext_resource path="res://test_3D_occluders/occluders/occluder_MeshInstance.tscn" type="PackedScene" id=3]
[ext_resource path="res://test_3D_occluders/occluders/occluder_Plane.tscn" type="PackedScene" id=4]
[ext_resource path="res://test_3D_occluders/occluders/occluder_MeshInstance2.tscn" type="PackedScene" id=5]
[ext_resource path="res://test_3D_occluders/occluders/occluder_OBSTACLE.tscn" type="PackedScene" id=6]
[ext_resource path="res://test_3D_occluders/test_occluders.gd" type="Script" id=7]
[ext_resource path="res://test_3D_occluders/test_occluders_node.tscn" type="PackedScene" id=8]

[sub_resource type="StandardMaterial3D" id=1]
flags_transparent = true
albedo_color = Color( 0.0823529, 0.909804, 0.0941176, 0.501961 )

[sub_resource type="BoxMesh" id=2]
material = SubResource( 1 )
size = Vector3( 70, 30, 100 )

[sub_resource type="StandardMaterial3D" id=3]
albedo_color = Color( 0.87451, 0.105882, 0.341176, 1 )

[sub_resource type="SphereMesh" id=4]
material = SubResource( 3 )
radius = 2.0
height = 4.0

[sub_resource type="StandardMaterial3D" id=7]
albedo_color = Color( 0.188235, 0.0196078, 0.0196078, 1 )

[sub_resource type="CylinderMesh" id=8]
material = SubResource( 7 )
top_radius = 2.0
bottom_radius = 2.0
height = 4.0

[sub_resource type="StandardMaterial3D" id=9]
flags_transparent = true
albedo_color = Color( 0.105882, 0.490196, 0.8, 0.501961 )

[sub_resource type="BoxMesh" id=10]
material = SubResource( 9 )
size = Vector3( 10, 20, 30 )

[node name="TestOccluders" type="Node3D"]
script = ExtResource( 7 )

[node name="Camera3D" type="Camera3D" parent="."]
transform = Transform3D( -0.982445, 0.0410268, -0.181986, 0, 0.975518, 0.219921, 0.186553, 0.21606, -0.958393, -21.0739, 25.4668, -110.982 )
far = 5000.0
script = ExtResource( 1 )

[node name="Plane" type="MeshInstance3D" parent="."]
transform = Transform3D( 0.707107, 0.707107, 0, -0.707107, 0.707107, 0, 0, 0, 1, 0, 0, 0 )
mesh = SubResource( 2 )
script = ExtResource( 2 )

[node name="MeshInstance3D" type="MeshInstance3D" parent="."]
transform = Transform3D( 0.999391, 0, 0.0348995, 0, 1, 0, -0.0348995, 0, 0.999391, -33.3409, 19.5619, -21.2284 )
mesh = SubResource( 4 )
skeleton = NodePath("")
script = ExtResource( 2 )

[node name="MeshInstance2" type="MeshInstance3D" parent="."]
transform = Transform3D( -0.32725, -0.0181753, -0.944763, 0, 0.999815, -0.0192344, 0.944938, -0.00629445, -0.32719, 25.4447, 22.0107, -16.4392 )
mesh = SubResource( 8 )
skeleton = NodePath("")
script = ExtResource( 2 )

[node name="OBSTACLE" type="MeshInstance3D" parent="."]
transform = Transform3D( 0.427799, -0.479563, 0.766164, 0.828345, -0.131197, -0.544639, 0.361707, 0.867644, 0.341118, 5, 5, 7 )
mesh = SubResource( 10 )
script = ExtResource( 2 )

[node name="Occluders" type="Node3D" parent="."]

[node name="MeshInstance2Occluders" parent="Occluders" instance=ExtResource( 5 )]

[node name="MeshInstanceOccluders" parent="Occluders" instance=ExtResource( 3 )]

[node name="OBSTACLEOccluders" parent="Occluders" instance=ExtResource( 6 )]

[node name="PlaneOccluders" parent="Occluders" instance=ExtResource( 4 )]

[node name="Occluders2" parent="." instance=ExtResource( 8 )]

[editable path="Occluders/PlaneOccluders"]
[editable path="Occluders2"]
