[gd_scene load_steps=5 format=2]

[ext_resource path="res://test_theme_overrides/CheckButton1.gd" type="Script" id=1]
[ext_resource path="res://test_theme_overrides/scene1.gd" type="Script" id=2]
[ext_resource path="res://test_theme_overrides/button_group.tres" type="ButtonGroup" id=3]

[sub_resource type="ButtonGroup" id=1]

[node name="Scene1" type="Node2D"]
script = ExtResource( 2 )

[node name="CheckButton1" type="CheckButton" parent="."]
offset_left = 10.0
pressed = true
group = ExtResource( 3 )
script = ExtResource( 1 )

[node name="CheckButton2" type="CheckButton" parent="."]
offset_left = 10.0
offset_top = 57.082
group = ExtResource( 3 )
script = ExtResource( 1 )

[node name="CheckButton3" type="CheckButton" parent="."]
offset_left = 10.0
offset_top = 114.164
group = ExtResource( 3 )
script = ExtResource( 1 )

[node name="CheckButton4" type="CheckButton" parent="."]
offset_left = 154.597
offset_top = 3.5676
offset_right = 230.597
offset_bottom = 43.5676
group = SubResource( 1 )

[node name="CheckButton5" type="CheckButton" parent="."]
offset_left = 153.408
offset_top = 60.6496
offset_right = 229.408
offset_bottom = 100.65
group = SubResource( 1 )

[node name="CheckButton6" type="CheckButton" parent="."]
offset_left = 153.408
offset_top = 112.975
offset_right = 229.408
offset_bottom = 152.975
pressed = true
group = SubResource( 1 )
