[gd_scene load_steps=32 format=2]

[ext_resource path="res://test_ai/steering-behaviors/target.tscn" type="PackedScene" id=1]
[ext_resource path="res://test_ai/steering-behaviors/vehicle/bhv_pursue_evade_vehicle.tscn" type="PackedScene" id=2]
[ext_resource path="res://test_ai/steering-behaviors/basic/bhv_seek_flee_kinematic.tscn" type="PackedScene" id=3]
[ext_resource path="res://test_ai/steering-behaviors/basic/bhv_pursue_evade.tscn" type="PackedScene" id=4]
[ext_resource path="res://test_ai/steering-behaviors/basic/bhv_velocity_match.tscn" type="PackedScene" id=5]
[ext_resource path="res://addons/orbit_camera.tscn" type="PackedScene" id=6]
[ext_resource path="res://test_ai/steering-behaviors/basic/bhv_seek_flee.tscn" type="PackedScene" id=7]
[ext_resource path="res://test_ai/steering-behaviors/basic/bhv_align.tscn" type="PackedScene" id=8]
[ext_resource path="res://test_ai/steering-behaviors/basic/bhv_arrive_leave_kinematic.tscn" type="PackedScene" id=9]
[ext_resource path="res://test_ai/steering-behaviors/basic/bhv_wander_kinematic.tscn" type="PackedScene" id=10]
[ext_resource path="res://test_ai/steering-behaviors/basic/bhv_arrive_leave.tscn" type="PackedScene" id=11]
[ext_resource path="res://test_ai/steering-behaviors/basic/bhv_face.tscn" type="PackedScene" id=12]
[ext_resource path="res://test_ai/steering-behaviors/basic/bhv_look_where_youre_going.tscn" type="PackedScene" id=13]
[ext_resource path="res://test_ai/steering-behaviors/basic/bhv_wander.tscn" type="PackedScene" id=14]
[ext_resource path="res://test_ai/steering-behaviors/basic/bhv_follow_path.tscn" type="PackedScene" id=15]
[ext_resource path="res://test_ai/steering-behaviors/basic/bhv_separation_attraction_flock.gd" type="Script" id=16]
[ext_resource path="res://test_ai/steering-behaviors/basic/bhv_collision_avoidance_flock.gd" type="Script" id=17]
[ext_resource path="res://test_ai/steering-behaviors/basic/bhv_obstacle_avoidance_flock.gd" type="Script" id=18]
[ext_resource path="res://test_ai/steering-behaviors/behaviors.gd" type="Script" id=19]
[ext_resource path="res://test_ai/steering-behaviors/composite/bhv_blended_steering.tscn" type="PackedScene" id=20]
[ext_resource path="res://test_ai/steering-behaviors/composite/bhv_priority_steering_flock.gd" type="Script" id=21]
[ext_resource path="res://test_ai/steering-behaviors/vehicle/bhv_priority_steering_vehicle_flock.gd" type="Script" id=22]
[ext_resource path="res://test_ai/turret-ai/turret.tscn" type="PackedScene" id=23]
[ext_resource path="res://test_ai/steering-behaviors/vehicle/bhv_pursue_gather_vehicle.tscn" type="PackedScene" id=25]

[sub_resource type="BoxMesh" id=1]
size = Vector3( 500, 2, 500 )

[sub_resource type="StandardMaterial3D" id=2]
albedo_color = Color( 0.129412, 0.129412, 0.129412, 1 )

[sub_resource type="ConcavePolygonShape3D" id=18]
data = PackedVector3Array( -250, 1, 250, 250, 1, 250, -250, -1, 250, 250, 1, 250, 250, -1, 250, -250, -1, 250, 250, 1, -250, -250, 1, -250, 250, -1, -250, -250, 1, -250, -250, -1, -250, 250, -1, -250, 250, 1, 250, 250, 1, -250, 250, -1, 250, 250, 1, -250, 250, -1, -250, 250, -1, 250, -250, 1, -250, -250, 1, 250, -250, -1, -250, -250, 1, 250, -250, -1, 250, -250, -1, -250, 250, 1, 250, -250, 1, 250, 250, 1, -250, -250, 1, 250, -250, 1, -250, 250, 1, -250, -250, -1, 250, 250, -1, 250, -250, -1, -250, 250, -1, 250, 250, -1, -250, -250, -1, -250 )

[sub_resource type="Curve3D" id=16]
_data = {
"points": PackedVector3Array( 0, 0, 0, 0, 0, 0, -11.6971, 5.06628, 22.5587, 0, 0, 0, 0, 0, 0, -41.4877, 4.86982, 43.2923, 0, 0, 0, 0, 0, 0, -81.6984, 4.97038, 20.612, 0, 0, 0, 0, 0, 0, -113.524, 5.20151, -6.81497, 0, 0, 0, 0, 0, 0, -98.7406, 5.76958, -31.9324, 0, 0, 0, 0, 0, 0, -63.3344, 5.41371, -34.0066, 0, 0, 0, 0, 0, 0, -49.1506, 6.02247, -55.3318, 0, 0, 0, 0, 0, 0, -115.383, 6.25178, -79.9403, 0, 0, 0, 0, 0, 0, -109.882, 7.08445, -104.888, 0, 0, 0, 0, 0, 0, -28.4724, 6.00626, -77.789, 0, 0, 0, 0, 0, 0, -42.3719, 5.98011, -61.2353, 0, 0, 0, 0, 0, 0, -47.1025, 5.51918, -50.2025, 0, 0, 0, 0, 0, 0, -53.0157, 5.19641, -31.4546, 0, 0, 0, 0, 0, 0, -35.0648, 5.13673, -17.9434, 0, 0, 0, 0, 0, 0, -10.8616, 6.31613, -32.5848 ),
"tilts": PackedFloat32Array( 0, 0, 0, 0, 0, 0, 0, 0, 0, 0, 0, 0, 0, 0, 0 )
}

[sub_resource type="StandardMaterial3D" id=13]
albedo_color = Color( 0, 0.33, 0, 1 )

[sub_resource type="SphereMesh" id=14]

[sub_resource type="StandardMaterial3D" id=15]
albedo_color = Color( 0.925781, 0.878517, 0.169557, 1 )

[node name="Behaviors" type="Node3D"]
script = ExtResource( 19 )

[node name="OrbitCamera" parent="." instance=ExtResource( 6 )]
transform = Transform3D( 1, 0, 0, 0, -4.37114e-08, 1, 0, -1, -4.37114e-08, -0.06, 160, 0.204 )
far = 1000.0

[node name="Plane" type="MeshInstance3D" parent="."]
mesh = SubResource( 1 )
material/0 = SubResource( 2 )

[node name="StaticBody3D" type="StaticBody3D" parent="Plane"]

[node name="CollisionShape3D" type="CollisionShape3D" parent="Plane/StaticBody3D"]
shape = SubResource( 18 )

[node name="Target" parent="." instance=ExtResource( 1 )]
transform = Transform3D( 1, 0, 0, 0, -4.37114e-08, -1, 0, 1, -4.37114e-08, -93.897, 3, 45.7502 )

[node name="OrbitCamera" parent="Target" instance=ExtResource( 6 )]
transform = Transform3D( -1, -8.74228e-08, -4.37114e-08, 3.46339e-08, 0.101265, -0.99486, 9.13998e-08, -0.99486, -0.101265, 7.62939e-06, -1.58087, -2.1188 )

[node name="Path3D" type="Path3D" parent="."]
curve = SubResource( 16 )

[node name="BehaviorList" type="Node3D" parent="."]

[node name="Basic" type="Node3D" parent="BehaviorList"]

[node name="SeekFleeKinematic" parent="BehaviorList/Basic" instance=ExtResource( 3 )]
transform = Transform3D( 1, 0, 0, 0, -4.37114e-08, -1, 0, 1, -4.37114e-08, 0, 2, 0 )
skeleton = NodePath("../../..")

[node name="ArriveLeaveKinematic" parent="BehaviorList/Basic" instance=ExtResource( 9 )]
transform = Transform3D( -4.37114e-08, 1, 0, -1, -4.37114e-08, 0, 0, 0, 1, 0, 2, 0 )
skeleton = NodePath("../../..")

[node name="WanderKinematic" parent="BehaviorList/Basic" instance=ExtResource( 10 )]
transform = Transform3D( 1, 0, 0, 0, -4.37114e-08, -1, 0, 1, -4.37114e-08, 0, 2, 0 )
skeleton = NodePath("../../..")

[node name="SeekFlee" parent="BehaviorList/Basic" instance=ExtResource( 7 )]
transform = Transform3D( 1, 0, 0, 0, -4.37114e-08, -1, 0, 1, -4.37114e-08, 0, 2, 0 )
skeleton = NodePath("../../..")

[node name="ArriveLeave" parent="BehaviorList/Basic" instance=ExtResource( 11 )]
transform = Transform3D( -4.37114e-08, 1, 0, -1, -4.37114e-08, 0, 0, 0, 1, 0, 2, 0 )
skeleton = NodePath("../../..")

[node name="Align" parent="BehaviorList/Basic" instance=ExtResource( 8 )]
transform = Transform3D( -4.37114e-08, 1, 0, -1, -4.37114e-08, 0, 0, 0, 1, 0, 2, 0 )
skeleton = NodePath("../../..")

[node name="VelocityMatch" parent="BehaviorList/Basic" instance=ExtResource( 5 )]
transform = Transform3D( -4.37114e-08, 1, 0, -1, -4.37114e-08, 0, 0, 0, 1, 0, 2, 0 )
skeleton = NodePath("../../..")

[node name="PursueEvade" parent="BehaviorList/Basic" instance=ExtResource( 4 )]
transform = Transform3D( 1, 0, 0, 0, -4.37114e-08, -1, 0, 1, -4.37114e-08, 0, 2, 0 )
skeleton = NodePath("../../..")

[node name="Face" parent="BehaviorList/Basic" instance=ExtResource( 12 )]
transform = Transform3D( -4.37114e-08, 1, 0, -1, -4.37114e-08, 0, 0, 0, 1, 0, 2, 0 )
skeleton = NodePath("../../..")

[node name="LookWhereYoureGoing" parent="BehaviorList/Basic" instance=ExtResource( 13 )]
transform = Transform3D( -4.37114e-08, 1, 0, -1, -4.37114e-08, 0, 0, 0, 1, 0, 2, 0 )
skeleton = NodePath("../../..")
material/0 = SubResource( 13 )

[node name="Wander" parent="BehaviorList/Basic" instance=ExtResource( 14 )]
transform = Transform3D( -4.37114e-08, 1, 0, -1, -4.37114e-08, 0, 0, 0, 1, 0, 2, 0 )
skeleton = NodePath("../../..")

[node name="Debug" type="MeshInstance3D" parent="BehaviorList/Basic/Wander"]
transform = Transform3D( -4.37114e-08, -1, 0, 1, -4.37114e-08, 0, 0, 0, 1, 2, -5.44685, 7.65969 )
mesh = SubResource( 14 )
skeleton = NodePath("../../..")
material/0 = SubResource( 15 )

[node name="FollowPath" parent="BehaviorList/Basic" instance=ExtResource( 15 )]
transform = Transform3D( 1, 0, 0, 0, -4.37114e-08, -1, 0, 1, -4.37114e-08, 0, 2, 0 )
skeleton = NodePath("../../..")

[node name="SeparationAttractionFlock" type="Node3D" parent="BehaviorList/Basic"]
transform = Transform3D( 1, 0, 0, 0, 1, 0, 0, 0, 1, 0, 2, 0 )
script = ExtResource( 16 )

[node name="CollisionAvoidanceFlock" type="Node3D" parent="BehaviorList/Basic"]
transform = Transform3D( 1, 0, 0, 0, 1, 0, 0, 0, 1, 0, 2, 0 )
script = ExtResource( 17 )

[node name="ObstacleAvoidanceFlock" type="Node3D" parent="BehaviorList/Basic"]
transform = Transform3D( 1, 0, 0, 0, 1, 0, 0, 0, 1, 0, 2, 0 )
script = ExtResource( 18 )

[node name="Composite" type="Node3D" parent="BehaviorList"]

[node name="BlendedSteering" parent="BehaviorList/Composite" instance=ExtResource( 20 )]
transform = Transform3D( 1, 0, 0, 0, -4.37114e-08, -1, 0, 1, -4.37114e-08, 0, 2, 0 )
skeleton = NodePath("../../..")

[node name="PrioritySteeringFlock" type="Node3D" parent="BehaviorList/Composite"]
transform = Transform3D( 1, 0, 0, 0, 1, 0, 0, 0, 1, 0, 2, 0 )
script = ExtResource( 21 )

[node name="Vehicle" type="Node3D" parent="BehaviorList"]

[node name="PursueEvadeVehicle" parent="BehaviorList/Vehicle" instance=ExtResource( 2 )]
transform = Transform3D( 1, 0, 0, 0, 1, 0, 0, 0, 1, 0, 2, 0 )

[node name="PrioritySteeringVehicleFlock" type="Node3D" parent="BehaviorList/Vehicle"]
script = ExtResource( 22 )

[node name="PursueGatherVehicle" parent="BehaviorList/Vehicle" instance=ExtResource( 25 )]

[node name="Turret" parent="BehaviorList" instance=ExtResource( 23 )]
transform = Transform3D( 1, 0, 0, 0, 1, 0, 0, 0, 1, -172.526, 1.24154, 30.3987 )
enabled = false
ai_enabled = true

[node name="DebugScene" type="Node3D" parent="."]

[editable path="BehaviorList/Vehicle/PursueGatherVehicle"]
[editable path="BehaviorList/Vehicle/PursueGatherVehicle/PrioritySteeringVehicle"]
[editable path="BehaviorList/Vehicle/PursueGatherVehicle/PrioritySteeringVehicle/CarBaseAI"]
[editable path="BehaviorList/Vehicle/PursueGatherVehicle/PrioritySteeringVehicle/CarBaseAI/Body/OrbitCamera"]
