[gd_scene load_steps=9 format=2]

[ext_resource path="res://test_ai/steering-behaviors/object_pickup.gd" type="Script" id=1]

[sub_resource type="BoxMesh" id=6]

[sub_resource type="StandardMaterial3D" id=7]
albedo_color = Color( 0.115785, 0.282227, 0.148618, 1 )

[sub_resource type="BoxMesh" id=8]
size = Vector3( 1, 1, 1 )

[sub_resource type="StandardMaterial3D" id=9]
albedo_color = Color( 0.266698, 0.451232, 0.638672, 1 )

[sub_resource type="ConvexPolygonShape3D" id=10]
points = PackedVector3Array( -1, -1, -1, 1, 1, 1, 1, -1, 1, 1, 1, -1, -1, 1, 1, 1, -1, -1, -1, -1, 1, -1, 1, -1 )

[sub_resource type="ConvexPolygonShape3D" id=11]
points = PackedVector3Array( -0.5, -0.5, -0.5, 0.5, 0.5, 0.5, 0.5, -0.5, 0.5, 0.5, 0.5, -0.5, -0.5, 0.5, 0.5, 0.5, -0.5, -0.5, -0.5, -0.5, 0.5, -0.5, 0.5, -0.5 )

[sub_resource type="Animation" id=5]
length = 4.0
loop = true
tracks/0/type = "value"
tracks/0/path = NodePath("Holder:rotation_degrees")
tracks/0/interp = 1
tracks/0/loop_wrap = true
tracks/0/imported = false
tracks/0/enabled = true
tracks/0/keys = {
"times": PackedFloat32Array( 0, 2, 4 ),
"transitions": PackedFloat32Array( 1, 1, 1 ),
"update": 0,
"values": [ Vector3( 0, 0, 0 ), Vector3( 0, 180, 0 ), Vector3( 0, 360, 0 ) ]
}
tracks/1/type = "value"
tracks/1/path = NodePath("Holder:position")
tracks/1/interp = 1
tracks/1/loop_wrap = true
tracks/1/imported = false
tracks/1/enabled = true
tracks/1/keys = {
"times": PackedFloat32Array( 0, 1, 2, 3, 4 ),
"transitions": PackedFloat32Array( 1, 1, 1, 1, 1 ),
"update": 0,
"values": [ Vector3( 0, 0, 0 ), Vector3( 0, 1, 0 ), Vector3( 0, 0, 0 ), Vector3( 0, 1, 0 ), Vector3( 0, 0, 0 ) ]
}

[node name="ObjectPickup" type="Node3D"]
script = ExtResource( 1 )

[node name="Holder" type="Node3D" parent="."]
transform = Transform3D( -0.961823, 0, 0.273672, 0, 1, 0, -0.273672, 0, -0.961823, 0, 0, 0 )

[node name="AmmoKit" type="Node3D" parent="Holder"]

[node name="AmmoBox" type="MeshInstance3D" parent="Holder/AmmoKit"]
mesh = SubResource( 6 )
material/0 = SubResource( 7 )

[node name="AmmoKitSmall" type="Node3D" parent="Holder"]

[node name="AmmoBoxSmall" type="MeshInstance3D" parent="Holder/AmmoKitSmall"]
mesh = SubResource( 8 )
material/0 = SubResource( 9 )

[node name="AmmoPickupTrigger" type="Area3D" parent="Holder"]
collision_layer = 1024
collision_mask = 10
input_ray_pickable = false
angular_damp = 1.0

[node name="ShapeKit" type="CollisionShape3D" parent="Holder/AmmoPickupTrigger"]
shape = SubResource( 10 )

[node name="ShapeKitSmall" type="CollisionShape3D" parent="Holder/AmmoPickupTrigger"]
shape = SubResource( 11 )

[node name="AnimationPlayer" type="AnimationPlayer" parent="."]
autoplay = "Ammo_Anim"
anims/Ammo_Anim = SubResource( 5 )
