[gd_scene load_steps=26 format=3 uid="uid://doms57mm014ps"]

[ext_resource type="PackedScene" uid="uid://ddg3d5da0y0mk" path="res://addons/orbit_camera.tscn" id="1_ql1kx"]
[ext_resource type="Material" uid="uid://c4gjpd86ck5l3" path="res://test_vfx/fire2/fire_process_material.tres" id="2_18w0s"]
[ext_resource type="Material" uid="uid://bo82rvafivx8m" path="res://test_vfx/fire2/fire_material.tres" id="2_56m7l"]
[ext_resource type="Gradient" uid="uid://2t1f2mtoah8n" path="res://test_vfx/fire2/SmokeGradient.tres" id="4_ocsk3"]
[ext_resource type="Texture2D" uid="uid://cn745wbh8ujoc" path="res://test_vfx/fire2/Spark.png" id="5_8gvib"]
[ext_resource type="Gradient" path="res://test_vfx/fire2/SparksGradient.tres" id="5_oowev"]

[sub_resource type="ProceduralSkyMaterial" id="ProceduralSkyMaterial_8h33f"]
sky_horizon_color = Color(0.64625, 0.65575, 0.67075, 1)
ground_horizon_color = Color(0.64625, 0.65575, 0.67075, 1)

[sub_resource type="Sky" id="Sky_4k2g7"]
sky_material = SubResource("ProceduralSkyMaterial_8h33f")

[sub_resource type="Environment" id="Environment_kykqe"]
background_mode = 2
background_energy_multiplier = 0.3
sky = SubResource("Sky_4k2g7")
tonemap_mode = 2
glow_enabled = true

[sub_resource type="QuadMesh" id="QuadMesh_1s36d"]
material = ExtResource("2_56m7l")

[sub_resource type="GradientTexture1D" id="GradientTexture1D_lm4cq"]
gradient = ExtResource("4_ocsk3")

[sub_resource type="Curve" id="Curve_owgbl"]
_data = [Vector2(0.00606061, 0.0747607), 0.0, 0.0, 0, 0, Vector2(1, 1), 0.0, 0.0, 0, 0]
point_count = 2

[sub_resource type="CurveTexture" id="CurveTexture_ogouk"]
curve = SubResource("Curve_owgbl")

[sub_resource type="ParticleProcessMaterial" id="ParticleProcessMaterial_5kbcj"]
emission_shape = 1
emission_sphere_radius = 0.4
angle_max = 360.0
direction = Vector3(0, 1, 0)
spread = 0.0
initial_velocity_min = 0.5
initial_velocity_max = 1.5
angular_velocity_max = 40.0
radial_velocity_max = 0.4
gravity = Vector3(0, 0, 0)
linear_accel_min = 1.0
linear_accel_max = 3.0
scale_max = 3.0
scale_curve = SubResource("CurveTexture_ogouk")
color_ramp = SubResource("GradientTexture1D_lm4cq")
anim_speed_min = 1.0
anim_speed_max = 1.0
anim_offset_max = 1.0

[sub_resource type="CompressedTexture2D" id="CompressedTexture2D_3x6qg"]
load_path = "res://.godot/imported/Smoke30Frames_0.png-1d80a3c8cb1bb59a52751ead59226d5f.s3tc.ctex"

[sub_resource type="ORMMaterial3D" id="ORMMaterial3D_dtof6"]
transparency = 1
shading_mode = 0
vertex_color_use_as_albedo = true
albedo_texture = SubResource("CompressedTexture2D_3x6qg")
billboard_mode = 3
billboard_keep_scale = true
particles_anim_h_frames = 6
particles_anim_v_frames = 5
particles_anim_loop = true

[sub_resource type="QuadMesh" id="QuadMesh_yd18i"]
material = SubResource("ORMMaterial3D_dtof6")

[sub_resource type="GradientTexture1D" id="GradientTexture1D_7qf1x"]
gradient = ExtResource("5_oowev")

[sub_resource type="Curve" id="Curve_wwgmb"]
_data = [Vector2(0.00606061, 0.502392), 0.0, 0.0, 0, 0, Vector2(0.493939, 1), 0.0, 0.0, 0, 0, Vector2(1, 0.0047847), 0.0, 0.0, 0, 0]
point_count = 3

[sub_resource type="CurveTexture" id="CurveTexture_7ujji"]
curve = SubResource("Curve_wwgmb")

[sub_resource type="ParticleProcessMaterial" id="ParticleProcessMaterial_kap4g"]
emission_shape = 1
emission_sphere_radius = 0.6
direction = Vector3(0, 1, 0)
spread = 40.0
flatness = 0.25
initial_velocity_max = 2.0
gravity = Vector3(0, 0, 0)
linear_accel_max = 5.0
tangential_accel_max = 5.0
damping_max = 2.0
scale_min = 0.07
scale_max = 0.13
scale_curve = SubResource("CurveTexture_7ujji")
color_ramp = SubResource("GradientTexture1D_7qf1x")

[sub_resource type="ORMMaterial3D" id="ORMMaterial3D_yiocc"]
transparency = 1
blend_mode = 1
shading_mode = 0
vertex_color_use_as_albedo = true
albedo_texture = ExtResource("5_8gvib")
billboard_mode = 3
billboard_keep_scale = true
particles_anim_h_frames = 1
particles_anim_v_frames = 1
particles_anim_loop = false

[sub_resource type="QuadMesh" id="QuadMesh_1ersl"]
material = SubResource("ORMMaterial3D_yiocc")
size = Vector2(0.2, 0.2)

[sub_resource type="StandardMaterial3D" id="StandardMaterial3D_hjpxu"]
albedo_color = Color(0.113725, 0.12549, 0, 1)

[sub_resource type="PlaneMesh" id="PlaneMesh_nmlr5"]
size = Vector2(50, 50)

[node name="FireScene" type="Node3D"]

[node name="DirectionalLight3D" type="DirectionalLight3D" parent="."]
transform = Transform3D(-0.866023, -0.433016, 0.250001, 0, 0.499998, 0.866027, -0.500003, 0.749999, -0.43301, 0, 0, 0)
shadow_enabled = true

[node name="WorldEnvironment" type="WorldEnvironment" parent="."]
environment = SubResource("Environment_kykqe")

[node name="OrbitCamera" parent="." instance=ExtResource("1_ql1kx")]
transform = Transform3D(-0.803784, -0.00826092, -0.594863, 0, 0.999904, -0.0138858, 0.594921, -0.0111612, -0.803707, -2.37964, 0.808715, -2.75434)

[node name="Fire" type="Node3D" parent="."]

[node name="Flames" type="GPUParticles3D" parent="Fire"]
amount = 200
lifetime = 0.5
speed_scale = 0.3
randomness = 1.0
draw_order = 3
process_material = ExtResource("2_18w0s")
draw_pass_1 = SubResource("QuadMesh_1s36d")

[node name="Smoke" type="GPUParticles3D" parent="Fire"]
transform = Transform3D(1, 0, 0, 0, 1, 0, 0, 0, 1, 0, 0.538291, 0)
amount = 50
lifetime = 1.5
speed_scale = 0.3
randomness = 1.0
visibility_aabb = AABB(-4, -3.96484, -4, 8, 8, 8)
draw_order = 3
process_material = SubResource("ParticleProcessMaterial_5kbcj")
draw_pass_1 = SubResource("QuadMesh_yd18i")

[node name="Sparks" type="GPUParticles3D" parent="Fire"]
transform = Transform3D(1, 0, 0, 0, 1, 0, 0, 0, 1, 0, 0.755206, 0)
amount = 80
lifetime = 0.5
speed_scale = 0.5
explosiveness = 0.2
randomness = 1.0
draw_order = 3
process_material = SubResource("ParticleProcessMaterial_kap4g")
draw_pass_1 = SubResource("QuadMesh_1ersl")

[node name="MeshInstance3D" type="MeshInstance3D" parent="."]
material_override = SubResource("StandardMaterial3D_hjpxu")
mesh = SubResource("PlaneMesh_nmlr5")
