[gd_scene load_steps=5 format=2]

[ext_resource path="res://test_ui_tutorials/test_design_the_gui/emerald_counter.tscn" type="PackedScene" id=1]
[ext_resource path="res://test_ui_tutorials/test_design_the_gui/bomb_counter.tscn" type="PackedScene" id=2]
[ext_resource path="res://test_ui_tutorials/test_design_the_gui/life_bar.tscn" type="PackedScene" id=3]
[ext_resource path="res://test_ui_tutorials/test_design_the_gui/energy_bar.tscn" type="PackedScene" id=4]

[node name="GUI" type="MarginContainer"]
anchor_right = 1.0
offset_bottom = 93.0
theme_override_constants/margin_right = 20
theme_override_constants/margin_top = 20
theme_override_constants/margin_left = 20
theme_override_constants/margin_bottom = 20
__meta__ = {
"_edit_use_anchors_": false
}

[node name="Tween" type="Tween" parent="."]

[node name="HBoxContainer" type="HBoxContainer" parent="."]
offset_left = 20.0
offset_top = 20.0
offset_right = 1260.0
offset_bottom = 117.0

[node name="Bars" type="VBoxContainer" parent="HBoxContainer"]
offset_right = 1032.0
offset_bottom = 97.0
size_flags_horizontal = 3

[node name="LifeBar" parent="HBoxContainer/Bars" instance=ExtResource( 3 )]
offset_right = 1032.0

[node name="EnergyBar" parent="HBoxContainer/Bars" instance=ExtResource( 4 )]
offset_top = 57.0
offset_right = 1032.0
offset_bottom = 97.0

[node name="Counters" type="HBoxContainer" parent="HBoxContainer"]
offset_left = 1036.0
offset_top = 28.0
offset_right = 1240.0
offset_bottom = 68.0
size_flags_vertical = 4

[node name="BombCounter" parent="HBoxContainer/Counters" instance=ExtResource( 2 )]
offset_bottom = 40.0

[node name="EmeraldCounter" parent="HBoxContainer/Counters" instance=ExtResource( 1 )]
offset_left = 104.0
offset_right = 204.0
offset_bottom = 40.0
