[gd_scene load_steps=30 format=2]

[ext_resource path="res://assets/PNG/Red/texture_01.png" type="Texture2D" id=1]
[ext_resource path="res://test_io/scene.gd" type="Script" id=2]
[ext_resource path="res://assets/PNG/Red/texture_04.png" type="Texture2D" id=3]
[ext_resource path="res://assets/PNG/Red/texture_05.png" type="Texture2D" id=4]
[ext_resource path="res://assets/PNG/Red/texture_02.png" type="Texture2D" id=5]
[ext_resource path="res://assets/PNG/Red/texture_03.png" type="Texture2D" id=6]
[ext_resource path="res://assets/PNG/Red/texture_08.png" type="Texture2D" id=7]
[ext_resource path="res://assets/PNG/Red/texture_09.png" type="Texture2D" id=8]
[ext_resource path="res://assets/PNG/Red/texture_07.png" type="Texture2D" id=9]
[ext_resource path="res://assets/PNG/Red/texture_12.png" type="Texture2D" id=10]
[ext_resource path="res://assets/PNG/Red/texture_11.png" type="Texture2D" id=11]
[ext_resource path="res://assets/PNG/Red/texture_06.png" type="Texture2D" id=12]
[ext_resource path="res://assets/PNG/Red/texture_13.png" type="Texture2D" id=13]
[ext_resource path="res://assets/PNG/Red/texture_10.png" type="Texture2D" id=14]

[sub_resource type="BoxMesh" id=1]

[sub_resource type="StandardMaterial3D" id=2]
albedo_texture = ExtResource( 1 )

[sub_resource type="BoxMesh" id=3]

[sub_resource type="StandardMaterial3D" id=4]
albedo_texture = ExtResource( 5 )

[sub_resource type="StandardMaterial3D" id=5]
albedo_texture = ExtResource( 6 )

[sub_resource type="StandardMaterial3D" id=6]
albedo_texture = ExtResource( 3 )

[sub_resource type="StandardMaterial3D" id=7]
albedo_texture = ExtResource( 4 )

[sub_resource type="StandardMaterial3D" id=8]
albedo_texture = ExtResource( 12 )

[sub_resource type="StandardMaterial3D" id=9]
albedo_texture = ExtResource( 9 )

[sub_resource type="StandardMaterial3D" id=10]
albedo_texture = ExtResource( 7 )

[sub_resource type="StandardMaterial3D" id=11]
albedo_texture = ExtResource( 8 )

[sub_resource type="StandardMaterial3D" id=12]
albedo_texture = ExtResource( 14 )

[sub_resource type="StandardMaterial3D" id=13]
albedo_texture = ExtResource( 11 )

[sub_resource type="StandardMaterial3D" id=14]
albedo_texture = ExtResource( 10 )

[sub_resource type="StandardMaterial3D" id=15]
albedo_texture = ExtResource( 13 )

[node name="Scene2" type="Node3D"]
script = ExtResource( 2 )

[node name="Button" type="Button" parent="."]
offset_right = 293.0
offset_bottom = 48.0
text = "Scene1"
__meta__ = {
"_edit_use_anchors_": true
}

[node name="Camera3D" type="Camera3D" parent="."]
transform = Transform3D( 0.999991, -0.00141215, 0.00409006, 0, 0.945247, 0.326359, -0.00432698, -0.326355, 0.945237, 0.121006, 9.65546, 27.9653 )

[node name="Meshes" type="Node3D" parent="."]

[node name="MeshInstance1" type="MeshInstance3D" parent="Meshes"]
transform = Transform3D( 1, 0, 0, 0, 1, 0, 0, 0, 1, -12.883, 0, 0 )
mesh = SubResource( 1 )
material/0 = SubResource( 2 )

[node name="MeshInstance2" type="MeshInstance3D" parent="Meshes"]
transform = Transform3D( 1, 0, 0, 0, 1, 0, 0, 0, 1, 15.5984, 0, 0 )
mesh = SubResource( 3 )
material/0 = SubResource( 4 )

[node name="MeshInstance3" type="MeshInstance3D" parent="Meshes"]
transform = Transform3D( 1, 0, 0, 0, 1, 0, 0, 0, 1, 0.00374699, 0, -9.43781 )
mesh = SubResource( 3 )
material/0 = SubResource( 5 )

[node name="MeshInstance4" type="MeshInstance3D" parent="Meshes"]
transform = Transform3D( 1, 0, 0, 0, 1, 0, 0, 0, 1, 12.028, 0, -0.179374 )
mesh = SubResource( 3 )
material/0 = SubResource( 6 )

[node name="MeshInstance5" type="MeshInstance3D" parent="Meshes"]
transform = Transform3D( 1, 0, 0, 0, 1, 0, 0, 0, 1, -10.1358, 0.291249, 0 )
mesh = SubResource( 3 )
material/0 = SubResource( 7 )

[node name="MeshInstance6" type="MeshInstance3D" parent="Meshes"]
transform = Transform3D( 1, 0, 0, 0, 1, 0, 0, 0, 1, 7.5107, -0.165563, 1 )
mesh = SubResource( 3 )
material/0 = SubResource( 8 )

[node name="MeshInstance7" type="MeshInstance3D" parent="Meshes"]
transform = Transform3D( 1, 0, 0, 0, 1, 0, 0, 0, 1, -0.434413, 0.201617, 3.67507 )
mesh = SubResource( 3 )
material/0 = SubResource( 9 )

[node name="MeshInstance8" type="MeshInstance3D" parent="Meshes"]
transform = Transform3D( 1, 0, 0, 0, 1, 0, 0, 0, 1, 0.509232, 0.357044, 8.96253 )
mesh = SubResource( 3 )
material/0 = SubResource( 10 )

[node name="MeshInstance9" type="MeshInstance3D" parent="Meshes"]
transform = Transform3D( 1, 0, 0, 0, 1, 0, 0, 0, 1, 0.98772, 0.515718, -14 )
mesh = SubResource( 3 )
material/0 = SubResource( 11 )

[node name="MeshInstance10" type="MeshInstance3D" parent="Meshes"]
transform = Transform3D( 1, 0, 0, 0, 1, 0, 0, 0, 1, 0.75363, -0.235836, 12.247 )
mesh = SubResource( 3 )
material/0 = SubResource( 12 )

[node name="MeshInstance11" type="MeshInstance3D" parent="Meshes"]
transform = Transform3D( 1, 0, 0, 0, 1, 0, 0, 0, 1, -4.30386, 0.280643, 1.19283 )
mesh = SubResource( 3 )
material/0 = SubResource( 13 )

[node name="MeshInstance12" type="MeshInstance3D" parent="Meshes"]
transform = Transform3D( 1, 0, 0, 0, 1, 0, 0, 0, 1, -0.295958, 0.233931, -5.44353 )
mesh = SubResource( 3 )
material/0 = SubResource( 14 )

[node name="MeshInstance13" type="MeshInstance3D" parent="Meshes"]
mesh = SubResource( 3 )
material/0 = SubResource( 15 )

[connection signal="pressed" from="Button" to="." method="_on_Button_pressed" binds= [ "Scene1" ]]
