[gd_scene load_steps=29 format=2]

[ext_resource path="res://assets/PNG/Green/texture_13.png" type="Texture2D" id=1]
[ext_resource path="res://test_io/scene.gd" type="Script" id=2]
[ext_resource path="res://assets/PNG/Green/texture_07.png" type="Texture2D" id=3]
[ext_resource path="res://assets/PNG/Green/texture_03.png" type="Texture2D" id=4]
[ext_resource path="res://assets/PNG/Green/texture_02.png" type="Texture2D" id=5]
[ext_resource path="res://assets/PNG/Green/texture_06.png" type="Texture2D" id=6]
[ext_resource path="res://assets/PNG/Green/texture_04.png" type="Texture2D" id=7]
[ext_resource path="res://assets/PNG/Green/texture_01.png" type="Texture2D" id=8]
[ext_resource path="res://assets/PNG/Green/texture_08.png" type="Texture2D" id=9]
[ext_resource path="res://assets/PNG/Green/texture_10.png" type="Texture2D" id=10]
[ext_resource path="res://assets/PNG/Green/texture_09.png" type="Texture2D" id=11]
[ext_resource path="res://assets/PNG/Green/texture_11.png" type="Texture2D" id=12]
[ext_resource path="res://assets/PNG/Green/texture_05.png" type="Texture2D" id=13]
[ext_resource path="res://assets/PNG/Green/texture_12.png" type="Texture2D" id=14]

[sub_resource type="BoxMesh" id=1]

[sub_resource type="StandardMaterial3D" id=2]
albedo_texture = ExtResource( 8 )

[sub_resource type="StandardMaterial3D" id=3]
albedo_texture = ExtResource( 5 )

[sub_resource type="StandardMaterial3D" id=4]
albedo_texture = ExtResource( 4 )

[sub_resource type="StandardMaterial3D" id=5]
albedo_texture = ExtResource( 7 )

[sub_resource type="StandardMaterial3D" id=6]
albedo_texture = ExtResource( 13 )

[sub_resource type="StandardMaterial3D" id=7]
albedo_texture = ExtResource( 6 )

[sub_resource type="StandardMaterial3D" id=8]
albedo_texture = ExtResource( 3 )

[sub_resource type="StandardMaterial3D" id=9]
albedo_texture = ExtResource( 9 )

[sub_resource type="StandardMaterial3D" id=10]
albedo_texture = ExtResource( 11 )

[sub_resource type="StandardMaterial3D" id=11]
albedo_texture = ExtResource( 10 )

[sub_resource type="StandardMaterial3D" id=12]
albedo_texture = ExtResource( 12 )

[sub_resource type="StandardMaterial3D" id=13]
albedo_texture = ExtResource( 14 )

[sub_resource type="StandardMaterial3D" id=14]
albedo_texture = ExtResource( 1 )

[node name="Scene1" type="Node3D"]
script = ExtResource( 2 )

[node name="Button" type="Button" parent="."]
offset_right = 293.0
offset_bottom = 48.0
text = "Scene2"
__meta__ = {
"_edit_use_anchors_": false
}

[node name="Camera3D" type="Camera3D" parent="."]
transform = Transform3D( 1, -5.34136e-08, 1.27066e-07, 0, 0.921863, 0.387516, -1.37836e-07, -0.387516, 0.921863, 0.425001, 8.44364, 26.4447 )

[node name="Meshes" type="Node3D" parent="."]

[node name="MeshInstance1" type="MeshInstance3D" parent="Meshes"]
transform = Transform3D( 1, 0, 0, 0, 1, 0, 0, 0, 1, 10, 0, 0 )
mesh = SubResource( 1 )
material/0 = SubResource( 2 )

[node name="MeshInstance2" type="MeshInstance3D" parent="Meshes"]
transform = Transform3D( 1, 0, 0, 0, 1, 0, 0, 0, 1, 11.5548, 0, 0 )
mesh = SubResource( 1 )
material/0 = SubResource( 3 )

[node name="MeshInstance3" type="MeshInstance3D" parent="Meshes"]
transform = Transform3D( 1, 0, 0, 0, 1, 0, 0, 0, 1, -8.20026, 0, 0 )
mesh = SubResource( 1 )
material/0 = SubResource( 4 )

[node name="MeshInstance4" type="MeshInstance3D" parent="Meshes"]
transform = Transform3D( 1, 0, 0, 0, 1, 0, 0, 0, 1, 8.49152, 0, 0 )
mesh = SubResource( 1 )
material/0 = SubResource( 5 )

[node name="MeshInstance5" type="MeshInstance3D" parent="Meshes"]
transform = Transform3D( 1, 0, 0, 0, 1, 0, 0, 0, 1, -4.28965, 0, 0 )
mesh = SubResource( 1 )
material/0 = SubResource( 6 )

[node name="MeshInstance6" type="MeshInstance3D" parent="Meshes"]
transform = Transform3D( 1, 0, 0, 0, 1, 0, 0, 0, 1, 5.80652, 0, 0 )
mesh = SubResource( 1 )
material/0 = SubResource( 7 )

[node name="MeshInstance7" type="MeshInstance3D" parent="Meshes"]
transform = Transform3D( 1, 0, 0, 0, 1, 0, 0, 0, 1, 0, 0, -11.5635 )
mesh = SubResource( 1 )
material/0 = SubResource( 8 )

[node name="MeshInstance8" type="MeshInstance3D" parent="Meshes"]
transform = Transform3D( 1, 0, 0, 0, 1, 0, 0, 0, 1, 0, 0, 9.51275 )
mesh = SubResource( 1 )
material/0 = SubResource( 9 )

[node name="MeshInstance9" type="MeshInstance3D" parent="Meshes"]
transform = Transform3D( 1, 0, 0, 0, 1, 0, 0, 0, 1, 0, 0, -7.66769 )
mesh = SubResource( 1 )
material/0 = SubResource( 10 )

[node name="MeshInstance10" type="MeshInstance3D" parent="Meshes"]
transform = Transform3D( 1, 0, 0, 0, 1, 0, 0, 0, 1, 0, 0, 6.52741 )
mesh = SubResource( 1 )
material/0 = SubResource( 11 )

[node name="MeshInstance11" type="MeshInstance3D" parent="Meshes"]
transform = Transform3D( 1, 0, 0, 0, 1, 0, 0, 0, 1, 0, 0, -3.51739 )
mesh = SubResource( 1 )
material/0 = SubResource( 12 )

[node name="MeshInstance12" type="MeshInstance3D" parent="Meshes"]
transform = Transform3D( 1, 0, 0, 0, 1, 0, 0, 0, 1, 0, 0, 3.31043 )
mesh = SubResource( 1 )
material/0 = SubResource( 13 )

[node name="MeshInstance13" type="MeshInstance3D" parent="Meshes"]
mesh = SubResource( 1 )
material/0 = SubResource( 14 )

[connection signal="pressed" from="Button" to="." method="_on_Button_pressed" binds= [ "Scene2" ]]
