[gd_scene load_steps=51 format=3 uid="uid://djj0382q1mn63"]

[ext_resource type="Script" path="res://test_vfx/explosion4/explosion_scene.gd" id="1_les45"]
[ext_resource type="PackedScene" uid="uid://ddg3d5da0y0mk" path="res://addons/orbit_camera.tscn" id="2_8xg5s"]
[ext_resource type="Shader" uid="uid://2ggqbppo3pcm" path="res://test_vfx/explosion4/flares_shader.tres" id="3_cccwv"]
[ext_resource type="Texture2D" uid="uid://cm4hm8k5l16an" path="res://assets/Images/jungle_stone_d.jpg" id="3_fwlrf"]
[ext_resource type="Shader" uid="uid://37rtlv3dgea7" path="res://test_vfx/explosion4/smoke_shader.tres" id="4_o3bmm"]
[ext_resource type="Texture2D" uid="uid://b6e638ygcvns8" path="res://assets/Images/jungle_stone_n.jpg" id="4_pawuo"]
[ext_resource type="Texture2D" uid="uid://bu71wubckmmuo" path="res://assets/Images/adesert_stone_d.jpg" id="5_w6ga6"]
[ext_resource type="Texture2D" uid="uid://b6ff0u4hvq8qj" path="res://assets/Images/adesert_stone_n.jpg" id="6_latg5"]
[ext_resource type="Texture2D" uid="uid://c0nvdtfw243f5" path="res://test_vfx/explosion3/FlameParticle1_I.png" id="9_c1ciw"]
[ext_resource type="Texture2D" uid="uid://dov30gompct4w" path="res://test_vfx/explosion3/smokesprite.png" id="10_g6q6r"]
[ext_resource type="Texture2D" uid="uid://b06l6itw1md3a" path="res://test_vfx/explosion3/normal+.png" id="11_2s0fm"]

[sub_resource type="ProceduralSkyMaterial" id="ProceduralSkyMaterial_8h33f"]
sky_horizon_color = Color(0.64625, 0.65575, 0.67075, 1)
ground_horizon_color = Color(0.64625, 0.65575, 0.67075, 1)

[sub_resource type="Sky" id="Sky_4k2g7"]
sky_material = SubResource("ProceduralSkyMaterial_8h33f")

[sub_resource type="Environment" id="Environment_kykqe"]
background_mode = 2
background_energy_multiplier = 0.3
sky = SubResource("Sky_4k2g7")
tonemap_mode = 2
glow_enabled = true
glow_levels/6 = 0.13
glow_levels/7 = 0.25
glow_blend_mode = 0
glow_hdr_threshold = 0.5
glow_hdr_scale = 1.5

[sub_resource type="StandardMaterial3D" id="StandardMaterial3D_thnxw"]
albedo_texture = ExtResource("3_fwlrf")
normal_enabled = true
normal_texture = ExtResource("4_pawuo")
uv1_scale = Vector3(32, 32, 32)

[sub_resource type="BoxMesh" id="BoxMesh_wy08c"]
size = Vector3(50, 1, 50)

[sub_resource type="StandardMaterial3D" id="StandardMaterial3D_rag08"]
albedo_texture = ExtResource("5_w6ga6")
normal_enabled = true
normal_texture = ExtResource("6_latg5")
uv1_scale = Vector3(0.5, 0.5, 0.5)

[sub_resource type="BoxMesh" id="BoxMesh_6fsdh"]
size = Vector3(1, 3, 1)

[sub_resource type="CompressedTexture2D" id="CompressedTexture2D_is380"]
load_path = "res://.godot/imported/FlameParticle1_I.png-9e19186a98e8f7aee2d10d4bb84f9721.s3tc.ctex"

[sub_resource type="ShaderMaterial" id="ShaderMaterial_abb40"]
render_priority = 0
shader = ExtResource("3_cccwv")
shader_parameter/albedo = Color(1, 1, 1, 1)
shader_parameter/point_size = 1.0
shader_parameter/roughness = 1.0
shader_parameter/metallic_texture_channel = null
shader_parameter/specular = 0.5
shader_parameter/metallic = 0.0
shader_parameter/particles_anim_h_frames = 1
shader_parameter/particles_anim_v_frames = 1
shader_parameter/particles_anim_loop = false
shader_parameter/uv1_scale = Vector3(1, 1, 1)
shader_parameter/uv1_offset = Vector3(0, 0, 0)
shader_parameter/uv2_scale = Vector3(1, 1, 1)
shader_parameter/uv2_offset = Vector3(0, 0, 0)
shader_parameter/texture_albedo = SubResource("CompressedTexture2D_is380")

[sub_resource type="Gradient" id="Gradient_evygo"]
offsets = PackedFloat32Array(0.00749064, 0.082397, 0.131086, 0.183521, 1)
colors = PackedColorArray(0, 0, 0, 1, 0.545098, 0.2, 0.0823529, 1, 1, 1, 0.847059, 1, 0.556863, 0.160784, 0.160784, 1, 0, 0, 0, 1)

[sub_resource type="GradientTexture1D" id="GradientTexture1D_quy66"]
gradient = SubResource("Gradient_evygo")

[sub_resource type="Curve" id="Curve_i6p46"]
_data = [Vector2(0, 0), 0.0, 0.0, 0, 0, Vector2(0.101695, 1), 0.0, 0.0, 0, 0, Vector2(0.240678, 0), 0.0, 0.0, 0, 0, Vector2(1, 0), 0.0, 0.0, 0, 0]
point_count = 4

[sub_resource type="CurveTexture" id="CurveTexture_80f4s"]
curve = SubResource("Curve_i6p46")

[sub_resource type="ParticleProcessMaterial" id="ParticleProcessMaterial_kep1g"]
emission_shape = 1
emission_sphere_radius = 0.2
angle_max = 180.0
direction = Vector3(0, 1, 0)
spread = 30.0
initial_velocity_min = 0.5
initial_velocity_max = 1.5
angular_velocity_min = -60.0
angular_velocity_max = 60.0
gravity = Vector3(0, 0, 0)
linear_accel_min = -1.0
linear_accel_max = -1.0
damping_min = 100.0
damping_max = 100.0
scale_curve = SubResource("CurveTexture_80f4s")
color_ramp = SubResource("GradientTexture1D_quy66")
anim_speed_min = 1.0
anim_speed_max = 1.0

[sub_resource type="QuadMesh" id="QuadMesh_2aosb"]

[sub_resource type="CompressedTexture2D" id="CompressedTexture2D_47tsr"]
load_path = "res://.godot/imported/smokesprite.png-d492e80f3e9965375f295e90b5f2890a.s3tc.ctex"

[sub_resource type="CompressedTexture2D" id="CompressedTexture2D_a2f8p"]
load_path = "res://.godot/imported/normal+.png-2990095ade1d4d482204cfbeba80ac8c.s3tc.ctex"

[sub_resource type="ShaderMaterial" id="ShaderMaterial_ku4j1"]
render_priority = 0
shader = ExtResource("4_o3bmm")
shader_parameter/albedo = Color(1, 1, 1, 1)
shader_parameter/point_size = 1.0
shader_parameter/roughness = 1.0
shader_parameter/metallic_texture_channel = null
shader_parameter/specular = 0.5
shader_parameter/metallic = 0.0
shader_parameter/particles_anim_h_frames = 8
shader_parameter/particles_anim_v_frames = 8
shader_parameter/particles_anim_loop = false
shader_parameter/normal_scale = 1.0
shader_parameter/uv1_scale = Vector3(1, 1, 1)
shader_parameter/uv1_offset = Vector3(0, 0, 0)
shader_parameter/uv2_scale = Vector3(1, 1, 1)
shader_parameter/uv2_offset = Vector3(0, 0, 0)
shader_parameter/texture_albedo = SubResource("CompressedTexture2D_47tsr")
shader_parameter/texture_normal = SubResource("CompressedTexture2D_a2f8p")

[sub_resource type="Curve" id="Curve_hs55w"]
_data = [Vector2(0.00338983, 0), 0.0, 0.0, 0, 0, Vector2(0.122034, 1), 0.0, 0.0, 0, 0]
point_count = 2

[sub_resource type="CurveTexture" id="CurveTexture_cf456"]
curve = SubResource("Curve_hs55w")

[sub_resource type="ParticleProcessMaterial" id="ParticleProcessMaterial_b7yin"]
emission_shape = 1
emission_sphere_radius = 0.5
angle_max = 180.0
direction = Vector3(0, 1, 0)
spread = 60.0
initial_velocity_min = 0.5
initial_velocity_max = 1.5
angular_velocity_max = 20.0
gravity = Vector3(0, 0.5, 0)
linear_accel_min = -1.0
linear_accel_max = -1.0
scale_curve = SubResource("CurveTexture_cf456")
anim_speed_min = 1.0
anim_speed_max = 1.0

[sub_resource type="QuadMesh" id="QuadMesh_2gn4l"]

[sub_resource type="StandardMaterial3D" id="StandardMaterial3D_6cojn"]
transparency = 1
blend_mode = 1
shading_mode = 0
vertex_color_use_as_albedo = true
albedo_texture = ExtResource("9_c1ciw")
billboard_mode = 1
billboard_keep_scale = true

[sub_resource type="Gradient" id="Gradient_5g0c0"]
offsets = PackedFloat32Array(0, 0.172285, 1)
colors = PackedColorArray(0, 0, 0, 1, 1, 1, 1, 1, 0, 0, 0, 1)

[sub_resource type="GradientTexture1D" id="GradientTexture1D_8qv10"]
gradient = SubResource("Gradient_5g0c0")

[sub_resource type="Curve" id="Curve_reqc4"]
_data = [Vector2(0.0101695, 0), 0.0, 0.0, 0, 0, Vector2(0.118644, 1), -1.51028, -1.51028, 0, 0, Vector2(0.250847, 0), 0.0, 0.0, 0, 0, Vector2(1, 0), 0.0, 0.0, 0, 0]
point_count = 4

[sub_resource type="CurveTexture" id="CurveTexture_vh1kv"]
curve = SubResource("Curve_reqc4")

[sub_resource type="ParticleProcessMaterial" id="ParticleProcessMaterial_wah17"]
direction = Vector3(0, 1, 0)
spread = 90.0
initial_velocity_min = 0.13
initial_velocity_max = 0.5
gravity = Vector3(0, 0, 0)
scale_curve = SubResource("CurveTexture_vh1kv")
color_ramp = SubResource("GradientTexture1D_8qv10")

[sub_resource type="QuadMesh" id="QuadMesh_d1nkr"]

[sub_resource type="StandardMaterial3D" id="StandardMaterial3D_gp5mw"]
transparency = 1
vertex_color_use_as_albedo = true
albedo_texture = ExtResource("10_g6q6r")
normal_enabled = true
normal_texture = ExtResource("11_2s0fm")
billboard_mode = 3
billboard_keep_scale = true
particles_anim_h_frames = 8
particles_anim_v_frames = 8
particles_anim_loop = false

[sub_resource type="ParticleProcessMaterial" id="ParticleProcessMaterial_3jnuf"]
angle_max = 180.0
direction = Vector3(0, 1, 0)
spread = 90.0
initial_velocity_min = 0.13
initial_velocity_max = 0.5
gravity = Vector3(0, 0, 0)
anim_speed_min = 1.0
anim_speed_max = 1.0

[sub_resource type="CompressedTexture2D" id="CompressedTexture2D_lk0gq"]
load_path = "res://.godot/imported/smokesprite.png-d492e80f3e9965375f295e90b5f2890a.s3tc.ctex"

[sub_resource type="StandardMaterial3D" id="StandardMaterial3D_vtp2m"]
transparency = 1
vertex_color_use_as_albedo = true
albedo_texture = SubResource("CompressedTexture2D_lk0gq")
emission = Color(100, 100, 100, 1)
emission_operator = 1
normal_enabled = true
normal_texture = ExtResource("11_2s0fm")
billboard_mode = 3
billboard_keep_scale = true
particles_anim_h_frames = 8
particles_anim_v_frames = 8
particles_anim_loop = false

[sub_resource type="Gradient" id="Gradient_61oth"]
offsets = PackedFloat32Array(0, 0.0358974, 0.0692308, 0.1, 1)
colors = PackedColorArray(100, 100, 100, 1, 100, 100, 0.482353, 1, 100, 0.501961, 0, 1, 0, 0, 0, 1, 0, 0, 0, 1)

[sub_resource type="GradientTexture1D" id="GradientTexture1D_qatex"]
gradient = SubResource("Gradient_61oth")

[sub_resource type="Curve" id="Curve_oaf4x"]
_data = [Vector2(0, 0), 0.0, 0.0, 0, 0, Vector2(0.138756, 1), 0.0705714, 0.0705714, 0, 0, Vector2(1, 1), 0.0, 0.0, 0, 0]
point_count = 3

[sub_resource type="CurveTexture" id="CurveTexture_ac6yr"]
curve = SubResource("Curve_oaf4x")

[sub_resource type="ParticleProcessMaterial" id="ParticleProcessMaterial_e5qay"]
angle_max = 180.0
direction = Vector3(0, 1, 0)
spread = 90.0
initial_velocity_min = 0.13
initial_velocity_max = 0.5
gravity = Vector3(0, 0, 0)
scale_curve = SubResource("CurveTexture_ac6yr")
color = Color(100, 100, 100, 1)
color_ramp = SubResource("GradientTexture1D_qatex")
anim_speed_min = 1.0
anim_speed_max = 1.0

[sub_resource type="QuadMesh" id="QuadMesh_mranf"]

[node name="ExplosionScene" type="Node3D"]
script = ExtResource("1_les45")

[node name="WorldEnvironment" type="WorldEnvironment" parent="."]
environment = SubResource("Environment_kykqe")

[node name="DirectionalLight3D" type="DirectionalLight3D" parent="."]
transform = Transform3D(1, 0, 0, 0, 0.891197, 0.453617, 0, -0.453617, 0.891197, 0, 0, 0)
shadow_enabled = true

[node name="OrbitCamera" parent="." instance=ExtResource("2_8xg5s")]
transform = Transform3D(0.642773, -0.29372, 0.707511, 0, 0.923575, 0.383419, -0.766057, -0.246451, 0.593648, 2.7087, 1.67072, 2.2917)

[node name="Plane" type="MeshInstance3D" parent="."]
transform = Transform3D(1, 0, 0, 0, 1, 0, 0, 0, 1, 0, -1, 0)
material_override = SubResource("StandardMaterial3D_thnxw")
mesh = SubResource("BoxMesh_wy08c")

[node name="Obstacle" type="MeshInstance3D" parent="."]
transform = Transform3D(1, 0, 0, 0, 1, 0, 0, 0, 1, 0, 1.01247, -1.00629)
material_override = SubResource("StandardMaterial3D_rag08")
mesh = SubResource("BoxMesh_6fsdh")

[node name="Button" type="Button" parent="."]
offset_right = 8.0
offset_bottom = 8.0
text = "FIRE
"

[node name="Explosion" type="Node3D" parent="."]
transform = Transform3D(1, 0, 0, 0, 1, 0, 0, 0, 1, 0, 0.465668, 0.351596)
visible = false

[node name="Flares" type="GPUParticles3D" parent="Explosion"]
visible = false
material_override = SubResource("ShaderMaterial_abb40")
emitting = false
amount = 20
lifetime = 2.5
one_shot = true
explosiveness = 1.0
randomness = 0.85
visibility_aabb = AABB(-1.12793, -1.15752, -1.11326, 2.23808, 2.27526, 2.21508)
process_material = SubResource("ParticleProcessMaterial_kep1g")
draw_pass_1 = SubResource("QuadMesh_2aosb")

[node name="Smoke" type="GPUParticles3D" parent="Explosion"]
visible = false
material_override = SubResource("ShaderMaterial_ku4j1")
emitting = false
amount = 20
lifetime = 2.5
one_shot = true
explosiveness = 0.9
randomness = 0.85
visibility_aabb = AABB(-1.6984, -1.35158, -1.77533, 3.77854, 4.25897, 3.86647)
process_material = SubResource("ParticleProcessMaterial_b7yin")
draw_pass_1 = SubResource("QuadMesh_2gn4l")

[node name="Test" type="Node3D" parent="."]
transform = Transform3D(1, 0, 0, 0, 1, 0, 0, 0, 1, 0, 0.0874138, 0)

[node name="Flares" type="GPUParticles3D" parent="Test"]
visible = false
sorting_offset = 1.0
material_override = SubResource("StandardMaterial3D_6cojn")
emitting = false
lifetime = 2.0
one_shot = true
explosiveness = 1.0
randomness = 1.0
visibility_aabb = AABB(-1.98105, -0.999954, -1.85324, 3.61804, 2.74769, 3.4639)
transform_align = 3
process_material = SubResource("ParticleProcessMaterial_wah17")
draw_pass_1 = SubResource("QuadMesh_d1nkr")

[node name="Smoke" type="GPUParticles3D" parent="Test"]
visible = false
sorting_offset = -1.0
material_override = SubResource("StandardMaterial3D_gp5mw")
emitting = false
lifetime = 2.0
one_shot = true
explosiveness = 0.9
randomness = 1.0
visibility_aabb = AABB(-1.59255, -0.999811, -1.77011, 3.19152, 2.82553, 3.47682)
transform_align = 3
process_material = SubResource("ParticleProcessMaterial_3jnuf")
draw_pass_1 = SubResource("QuadMesh_d1nkr")

[node name="FlaresSmoke" type="GPUParticles3D" parent="Test"]
sorting_offset = -1.0
material_override = SubResource("StandardMaterial3D_vtp2m")
emitting = false
amount = 20
lifetime = 2.5
one_shot = true
explosiveness = 1.0
randomness = 1.0
visibility_aabb = AABB(-1.59255, -0.999811, -1.77011, 3.19152, 2.82553, 3.47682)
transform_align = 3
process_material = SubResource("ParticleProcessMaterial_e5qay")
draw_pass_1 = SubResource("QuadMesh_mranf")

[connection signal="pressed" from="Button" to="." method="_on_button_pressed"]
