[gd_scene load_steps=14 format=3 uid="uid://d4ave2qvsldo7"]

[ext_resource type="PackedScene" uid="uid://ddg3d5da0y0mk" path="res://addons/orbit_camera.tscn" id="1_p3c5f"]
[ext_resource type="Script" path="res://test_godot4/quaternions/quaternion.gd" id="1_pwd10"]
[ext_resource type="PackedScene" path="res://test_ai/steering-behaviors/target.tscn" id="3_iuufp"]
[ext_resource type="PackedScene" uid="uid://cki1tuunvgrhi" path="res://test_godot4/axis.tscn" id="4_ddouq"]
[ext_resource type="PackedScene" uid="uid://b53g3qb63jay3" path="res://test_godot4/axes.tscn" id="4_jt878"]

[sub_resource type="ProceduralSkyMaterial" id="ProceduralSkyMaterial_0cvyh"]
sky_horizon_color = Color(0.64625, 0.65575, 0.67075, 1)
ground_horizon_color = Color(0.64625, 0.65575, 0.67075, 1)

[sub_resource type="Sky" id="Sky_clr6g"]
sky_material = SubResource("ProceduralSkyMaterial_0cvyh")

[sub_resource type="Environment" id="Environment_t1u2u"]
background_mode = 2
sky = SubResource("Sky_clr6g")
tonemap_mode = 2
glow_enabled = true

[sub_resource type="BoxMesh" id="BoxMesh_lktyb"]
size = Vector3(125, 1, 125)

[sub_resource type="StandardMaterial3D" id="StandardMaterial3D_wfcu6"]
albedo_color = Color(0.498039, 0.317647, 0.12549, 1)

[sub_resource type="StandardMaterial3D" id="StandardMaterial3D_n5u1v"]
albedo_color = Color(0, 1, 1, 1)

[sub_resource type="PrismMesh" id="PrismMesh_si4tc"]
material = SubResource("StandardMaterial3D_n5u1v")
size = Vector3(0.2, 0.8, 1.5)

[sub_resource type="StandardMaterial3D" id="StandardMaterial3D_eolq0"]
albedo_color = Color(1, 0, 1, 1)

[node name="TestQuaternions" type="Node3D"]

[node name="DirectionalLight3D" type="DirectionalLight3D" parent="."]
transform = Transform3D(-0.866023, -0.433016, 0.250001, 0, 0.499998, 0.866027, -0.500003, 0.749999, -0.43301, 0, 0, 0)
shadow_enabled = true

[node name="WorldEnvironment" type="WorldEnvironment" parent="."]
environment = SubResource("Environment_t1u2u")

[node name="Plane" type="MeshInstance3D" parent="."]
transform = Transform3D(1, 0, 0, 0, 1, 0, 0, 0, 1, 0, -3, 0)
mesh = SubResource("BoxMesh_lktyb")
surface_material_override/0 = SubResource("StandardMaterial3D_wfcu6")

[node name="Aimer" type="CSGCombiner3D" parent="."]
transform = Transform3D(1, 0, 0, 0, -4.37114e-08, 1, 0, -1, -4.37114e-08, 0, 5, 0)
operation = 1
script = ExtResource("1_pwd10")
target_path = NodePath("../Target")
aimer_type = "FREEFLY"

[node name="CSGMesh3D" type="CSGMesh3D" parent="Aimer"]
transform = Transform3D(1, 0, 0, 0, -4.37114e-08, -1, 0, 1, -4.37114e-08, 0, -0.251666, 0.364762)
mesh = SubResource("PrismMesh_si4tc")

[node name="CSGCylinder3D" type="CSGCylinder3D" parent="Aimer"]
cone = true
material = SubResource("StandardMaterial3D_eolq0")

[node name="Axes" parent="Aimer" instance=ExtResource("4_jt878")]
transform = Transform3D(0.6, 0, 0, 0, 0.6, 0, 0, 0, 0.6, 0, 0, 0)

[node name="Axis" parent="Aimer" instance=ExtResource("4_ddouq")]

[node name="OrbitCamera" parent="Aimer" instance=ExtResource("1_p3c5f")]
transform = Transform3D(1, 0, 0, 0, 0.258819, -0.965926, 0, 0.965926, 0.258819, 0, -3, 2)

[node name="Target" parent="." instance=ExtResource("3_iuufp")]
transform = Transform3D(1, 0, 0, 0, -4.37114e-08, -1, 0, 1, -4.37114e-08, 0, 0, -10.1522)

[node name="Axes" parent="." instance=ExtResource("4_jt878")]

[editable path="Axes"]
