[gd_scene load_steps=6 format=2]

[sub_resource type="Shader" id=2]
code = "shader_type canvas_item;

// Blurs the screen in the Y-direction.
void fragment() {
	vec3 col = texture(TEXTURE, UV).xyz * 0.16;
	col += texture(TEXTURE, UV + vec2(0.0, SCREEN_PIXEL_SIZE.y)).xyz * 0.15;
	col += texture(TEXTURE, UV + vec2(0.0, -SCREEN_PIXEL_SIZE.y)).xyz * 0.15;
	col += texture(TEXTURE, UV + vec2(0.0, 2.0 * SCREEN_PIXEL_SIZE.y)).xyz * 0.12;
	col += texture(TEXTURE, UV + vec2(0.0, 2.0 * -SCREEN_PIXEL_SIZE.y)).xyz * 0.12;
	col += texture(TEXTURE, UV + vec2(0.0, 3.0 * SCREEN_PIXEL_SIZE.y)).xyz * 0.09;
	col += texture(TEXTURE, UV + vec2(0.0, 3.0 * -SCREEN_PIXEL_SIZE.y)).xyz * 0.09;
	col += texture(TEXTURE, UV + vec2(0.0, 4.0 * SCREEN_PIXEL_SIZE.y)).xyz * 0.05;
	col += texture(TEXTURE, UV + vec2(0.0, 4.0 * -SCREEN_PIXEL_SIZE.y)).xyz * 0.05;
	COLOR.xyz = col;
}
"

[sub_resource type="ShaderMaterial" id=3]
shader = SubResource( 2 )

[sub_resource type="Shader" id=4]
code = "shader_type canvas_item;
	// Blurs the screen in the X-direction.
	void fragment() {
	vec3 col = texture(TEXTURE, UV).xyz * 0.16;
	col += texture(TEXTURE, UV + vec2(SCREEN_PIXEL_SIZE.x, 0.0)).xyz * 0.15;
	col += texture(TEXTURE, UV + vec2(-SCREEN_PIXEL_SIZE.x, 0.0)).xyz * 0.15;
	col += texture(TEXTURE, UV + vec2(2.0 * SCREEN_PIXEL_SIZE.x, 0.0)).xyz * 0.12;
	col += texture(TEXTURE, UV + vec2(2.0 * -SCREEN_PIXEL_SIZE.x, 0.0)).xyz * 0.12;
	col += texture(TEXTURE, UV + vec2(3.0 * SCREEN_PIXEL_SIZE.x, 0.0)).xyz * 0.09;
	col += texture(TEXTURE, UV + vec2(3.0 * -SCREEN_PIXEL_SIZE.x, 0.0)).xyz * 0.09;
	col += texture(TEXTURE, UV + vec2(4.0 * SCREEN_PIXEL_SIZE.x, 0.0)).xyz * 0.05;
	col += texture(TEXTURE, UV + vec2(4.0 * -SCREEN_PIXEL_SIZE.x, 0.0)).xyz * 0.05;
	COLOR.xyz = col;
}
"

[sub_resource type="ShaderMaterial" id=5]
shader = SubResource( 4 )

[sub_resource type="CylinderMesh" id=1]

[node name="Scene6" type="Node2D"]

[node name="SubViewportContainer" type="SubViewportContainer" parent="."]
material = SubResource( 3 )
offset_right = 1024.0
offset_bottom = 768.0
stretch = true
__meta__ = {
"_edit_use_anchors_": false
}

[node name="Viewport2" type="SubViewport" parent="SubViewportContainer"]
size = Vector2( 1024, 768 )
handle_input_locally = false
render_target_update_mode = 3

[node name="ViewportContainer1" type="SubViewportContainer" parent="SubViewportContainer/Viewport2"]
material = SubResource( 5 )
offset_right = 800.0
offset_bottom = 600.0
stretch = true

[node name="Viewport1" type="SubViewport" parent="SubViewportContainer/Viewport2/ViewportContainer1"]
size = Vector2( 1024, 768 )
handle_input_locally = false
render_target_update_mode = 3

[node name="Camera3D" type="Camera3D" parent="SubViewportContainer/Viewport2/ViewportContainer1/Viewport1"]
transform = Transform3D( 0.877583, -0.229849, 0.420735, 0, 0.877583, 0.479426, -0.479426, -0.420736, 0.770151, 3.63172, 4.13833, 6.64783 )

[node name="MeshInstance3D" type="MeshInstance3D" parent="SubViewportContainer/Viewport2/ViewportContainer1/Viewport1"]
mesh = SubResource( 1 )
material/0 = null
