[gd_scene load_steps=5 format=2]

[ext_resource path="res://test_animation/Instanced.gd" type="Script" id=1]
[ext_resource path="res://test_animation/AnimatedObject.tscn" type="PackedScene" id=2]
[ext_resource path="res://addons/orbit_camera.tscn" type="PackedScene" id=3]

[sub_resource type="StandardMaterial3D" id=1]
albedo_color = Color( 0, 0.752941, 1, 1 )

[node name="Instanced" type="Node3D"]
script = ExtResource( 1 )

[node name="OrbitCamera" parent="." instance=ExtResource( 3 )]
transform = Transform3D( -0.998848, -0.0197055, 0.0437447, 0, 0.911762, 0.410719, -0.0479782, 0.410246, -0.910712, 0.599468, 5.6284, -12.4802 )

[node name="VBoxContainer" type="VBoxContainer" parent="."]
offset_right = 40.0
offset_bottom = 40.0

[node name="Start1" type="Button" parent="VBoxContainer"]
offset_right = 53.0
offset_bottom = 20.0
text = "start 1"

[node name="Stop1" type="Button" parent="VBoxContainer"]
offset_top = 24.0
offset_right = 53.0
offset_bottom = 44.0
text = "stop 1"

[node name="Start2" type="Button" parent="VBoxContainer"]
offset_top = 48.0
offset_right = 53.0
offset_bottom = 68.0
text = "start 2"

[node name="Stop2" type="Button" parent="VBoxContainer"]
offset_top = 72.0
offset_right = 53.0
offset_bottom = 92.0
text = "stop 2"

[node name="AnimatedObject1" parent="." instance=ExtResource( 2 )]
transform = Transform3D( 1, 0, 0, 0, 1, 0, 0, 0, 1, 3, 0, 0 )

[node name="AnimatedObject2" parent="." instance=ExtResource( 2 )]
transform = Transform3D( 1, 0, 0, 0, 1, 0, 0, 0, 1, -3, 0, 0 )

[node name="MeshInstance3D" parent="AnimatedObject2" index="0"]
material_override = SubResource( 1 )

[connection signal="pressed" from="VBoxContainer/Start1" to="." method="_on_Start_pressed" binds= [ "Start1" ]]
[connection signal="pressed" from="VBoxContainer/Stop1" to="." method="_on_Stop_pressed" binds= [ "Stop1" ]]
[connection signal="pressed" from="VBoxContainer/Start2" to="." method="_on_Start_pressed" binds= [ "Start2" ]]
[connection signal="pressed" from="VBoxContainer/Stop2" to="." method="_on_Stop_pressed" binds= [ "Stop2" ]]

[editable path="AnimatedObject2"]
