[gd_scene load_steps=12 format=2]

[ext_resource path="res://assets/PNG/Purple/texture_05.png" type="Texture2D" id=1]
[ext_resource path="res://icon.png" type="Texture2D" id=2]
[ext_resource path="res://assets/PNG/Green/texture_09.png" type="Texture2D" id=3]
[ext_resource path="res://assets/PNG/Red/texture_01.png" type="Texture2D" id=4]
[ext_resource path="res://assets/PNG/Light3D/texture_04.png" type="Texture2D" id=5]
[ext_resource path="res://assets/PNG/Orange/texture_12.png" type="Texture2D" id=6]
[ext_resource path="res://test_3D_fps_tutorial/assets/gun_revolver_pistol_shot_04.wav" type="AudioStream" id=7]

[sub_resource type="Animation" id=1]
resource_name = "anim1"
length = 5.0
loop = true
step = 1.0
tracks/0/type = "transform"
tracks/0/path = NodePath("Sprite2D")
tracks/0/interp = 2
tracks/0/loop_wrap = true
tracks/0/imported = false
tracks/0/enabled = true
tracks/0/keys = PackedFloat32Array( 0, 1, 0, 0, 0, 0, 0, 0, 1, 1, 1, 1, 1, 1, -35.1751, 0, 14.8235, 0, 0, 0, 1, 1, 1, 1, 2, 1, -0.173164, 0, 14.8235, 0, 0, 0, 1, 1, 1, 1, 3, 1, 18.0269, 0, 14.8235, 0, 0, 0, 1, 1, 1, 1, 4, 1, 18.0269, 0, -23.6392, 0, 0, 0, 1, 1, 1, 1 )
tracks/1/type = "value"
tracks/1/path = NodePath("Sprite2D:scale")
tracks/1/interp = 1
tracks/1/loop_wrap = true
tracks/1/imported = false
tracks/1/enabled = true
tracks/1/keys = {
"times": PackedFloat32Array( 0, 1, 2, 3, 4 ),
"transitions": PackedFloat32Array( 1, 1, 1, 1, 1 ),
"update": 0,
"values": [ Vector3( 1, 2, 1 ), Vector3( 1, 0.5, 1 ), Vector3( 1, 3, 1 ), Vector3( 1, 4, 1 ), Vector3( 1, 1.5, 1 ) ]
}
tracks/2/type = "value"
tracks/2/path = NodePath("Sprite2D:mesh:material:albedo_texture")
tracks/2/interp = 1
tracks/2/loop_wrap = true
tracks/2/imported = false
tracks/2/enabled = true
tracks/2/keys = {
"times": PackedFloat32Array( 0, 1, 2, 3, 4 ),
"transitions": PackedFloat32Array( 1, 1, 1, 1, 1 ),
"update": 1,
"values": [ ExtResource( 1 ), ExtResource( 4 ), ExtResource( 6 ), ExtResource( 5 ), ExtResource( 3 ) ]
}
tracks/3/type = "method"
tracks/3/path = NodePath("AudioStreamPlayer")
tracks/3/interp = 1
tracks/3/loop_wrap = true
tracks/3/imported = false
tracks/3/enabled = true
tracks/3/keys = {
"times": PackedFloat32Array( 2 ),
"transitions": PackedFloat32Array( 1 ),
"values": [ {
"args": [ 0.0 ],
"method": "play"
} ]
}

[sub_resource type="StandardMaterial3D" id=2]
albedo_texture = ExtResource( 4 )

[sub_resource type="SphereMesh" id=3]
material = SubResource( 2 )

[sub_resource type="Animation" id=4]
resource_name = "anim12D"
length = 5.0
loop = true
step = 1.0
tracks/0/type = "bezier"
tracks/0/path = NodePath("AnimationPlayer2D/Sprite2D:position:x")
tracks/0/interp = 1
tracks/0/loop_wrap = true
tracks/0/imported = false
tracks/0/enabled = true
tracks/0/keys = {
"points": PackedFloat32Array( 0, -0.25, 0, 0.25, 0, 467, -0.25, 0, 0.25, 0, 122, -0.25, 0, 0.25, 0, 620, -0.25, 0, 0.25, 0, 911.042, -0.25, 0, 0.25, 0, 0, -0.25, 0, 0.25, 0 ),
"times": PackedFloat32Array( 0, 1, 2, 3, 4, 5 )
}
tracks/1/type = "bezier"
tracks/1/path = NodePath("AnimationPlayer2D/Sprite2D:position:y")
tracks/1/interp = 1
tracks/1/loop_wrap = true
tracks/1/imported = false
tracks/1/enabled = true
tracks/1/keys = {
"points": PackedFloat32Array( 0, -0.25, 0, 0.25, 0, 248, -0.25, 0, 0.25, 0, 359, -0.25, 0, 0.25, 0, 355, -0.25, 0, 0.25, 0, 184.911, -0.25, 0, 0.25, 0, 0, -0.25, 0, 0.25, 0 ),
"times": PackedFloat32Array( 0, 1, 2, 3, 4, 5 )
}

[node name="Scene" type="Node3D"]

[node name="Camera3D" type="Camera3D" parent="."]
transform = Transform3D( 0.920178, -0.153273, 0.36025, 0, 0.920178, 0.391501, -0.3915, -0.36025, 0.846727, 14.5018, 15.7598, 34.0848 )

[node name="AnimationPlayer" type="AnimationPlayer" parent="."]
autoplay = "anim1"
anims/anim1 = SubResource( 1 )

[node name="Sprite2D" type="MeshInstance3D" parent="."]
transform = Transform3D( 1, 0, 0, 0, 1.50972, 0, 0, 0, 1, -25.2573, 0, 15.8872 )
mesh = SubResource( 3 )
material/0 = null

[node name="Space2D" type="Node2D" parent="."]

[node name="AnimationPlayer2D" type="AnimationPlayer" parent="Space2D"]
autoplay = "anim12D"
anims/anim12D = SubResource( 4 )

[node name="Sprite2D" type="Sprite2D" parent="Space2D/AnimationPlayer2D"]
texture = ExtResource( 2 )

[node name="AudioStreamPlayer" type="AudioStreamPlayer" parent="."]
stream = ExtResource( 7 )
