[gd_scene load_steps=4 format=3 uid="uid://dmsnu103r4stu"]

[ext_resource type="Script" path="res://test_inputs/control_config/editor_input_map/editor_input_map.gd" id="1"]
[ext_resource type="Script" path="res://test_inputs/control_config/editor_input_map/key_confirm.gd" id="2_fxsmo"]
[ext_resource type="Script" path="res://test_inputs/control_config/editor_input_map/editor_input_confirm.gd" id="3_6twd5"]

[node name="EditorInputMap" type="Control"]
layout_mode = 3
anchors_preset = 15
anchor_right = 1.0
anchor_bottom = 1.0
grow_horizontal = 2
grow_vertical = 2
script = ExtResource("1")

[node name="InputMap" type="Panel" parent="."]
layout_mode = 0
anchor_right = 1.0
anchor_bottom = 1.0
size_flags_horizontal = 3
size_flags_vertical = 3

[node name="Margin" type="MarginContainer" parent="InputMap"]
layout_mode = 0
anchor_right = 1.0
anchor_bottom = 1.0

[node name="VBox" type="VBoxContainer" parent="InputMap/Margin"]
layout_mode = 2

[node name="Top" type="HBoxContainer" parent="InputMap/Margin/VBox"]
layout_mode = 2

[node name="Label" type="Label" parent="InputMap/Margin/VBox/Top"]
layout_mode = 2
text = "Action:"

[node name="LineEdit" type="LineEdit" parent="InputMap/Margin/VBox/Top"]
layout_mode = 2
size_flags_horizontal = 3
caret_blink = true

[node name="Warning" type="Label" parent="InputMap/Margin/VBox/Top"]
visible = false
layout_mode = 2
theme_override_colors/font_color = Color(1, 0, 0, 1)
text = "An action with the name '' already exists."

[node name="Add" type="Button" parent="InputMap/Margin/VBox/Top"]
layout_mode = 2
disabled = true
text = "Add"

[node name="Panel" type="Panel" parent="InputMap/Margin/VBox"]
layout_mode = 2
size_flags_vertical = 3

[node name="VBox" type="VBoxContainer" parent="InputMap/Margin/VBox/Panel"]
layout_mode = 0
anchor_right = 1.0
anchor_bottom = 1.0

[node name="Panel" type="PanelContainer" parent="InputMap/Margin/VBox/Panel/VBox"]
layout_mode = 2

[node name="HBox" type="HBoxContainer" parent="InputMap/Margin/VBox/Panel/VBox/Panel"]
layout_mode = 2

[node name="Action" type="Label" parent="InputMap/Margin/VBox/Panel/VBox/Panel/HBox"]
layout_mode = 2
size_flags_horizontal = 3
size_flags_stretch_ratio = 2.0
text = "Action"

[node name="Deadzone" type="Label" parent="InputMap/Margin/VBox/Panel/VBox/Panel/HBox"]
layout_mode = 2
size_flags_horizontal = 3
text = "Deadzone"

[node name="Scroll" type="ScrollContainer" parent="InputMap/Margin/VBox/Panel/VBox"]
layout_mode = 2
size_flags_vertical = 3

[node name="Actions" type="VBoxContainer" parent="InputMap/Margin/VBox/Panel/VBox/Scroll"]
layout_mode = 2
size_flags_horizontal = 3
size_flags_vertical = 3

[node name="AlertDialog" type="AcceptDialog" parent="InputMap"]

[node name="KeyConfirm" type="ConfirmationDialog" parent="."]
dialog_text = "Press a key..."
script = ExtResource("2_fxsmo")

[node name="JoyButtonConfirm" type="ConfirmationDialog" parent="."]
size = Vector2i(238, 107)
script = ExtResource("3_6twd5")

[node name="VBox" type="VBoxContainer" parent="JoyButtonConfirm"]
anchors_preset = 15
anchor_right = 1.0
anchor_bottom = 1.0
offset_left = 8.0
offset_top = 8.0
offset_right = -8.0
offset_bottom = -49.0

[node name="Labels" type="HBoxContainer" parent="JoyButtonConfirm/VBox"]
layout_mode = 2

[node name="Label" type="Label" parent="JoyButtonConfirm/VBox/Labels"]
layout_mode = 2
size_flags_horizontal = 3
text = "Device:"

[node name="Label2" type="Label" parent="JoyButtonConfirm/VBox/Labels"]
layout_mode = 2
size_flags_horizontal = 3
text = "Joypad Button Index:"

[node name="OptionButtons" type="HBoxContainer" parent="JoyButtonConfirm/VBox"]
layout_mode = 2

[node name="Device" type="OptionButton" parent="JoyButtonConfirm/VBox/OptionButtons"]
layout_mode = 2

[node name="Index" type="OptionButton" parent="JoyButtonConfirm/VBox/OptionButtons"]
layout_mode = 2

[node name="JoyAxisConfirm" type="ConfirmationDialog" parent="."]
size = Vector2i(216, 107)
script = ExtResource("3_6twd5")

[node name="VBox" type="VBoxContainer" parent="JoyAxisConfirm"]
anchors_preset = 15
anchor_right = 1.0
anchor_bottom = 1.0
offset_left = 8.0
offset_top = 8.0
offset_right = -8.0
offset_bottom = -49.0

[node name="Labels" type="HBoxContainer" parent="JoyAxisConfirm/VBox"]
layout_mode = 2

[node name="Label" type="Label" parent="JoyAxisConfirm/VBox/Labels"]
layout_mode = 2
size_flags_horizontal = 3
text = "Device:"

[node name="Label2" type="Label" parent="JoyAxisConfirm/VBox/Labels"]
layout_mode = 2
size_flags_horizontal = 3
text = "Joypad Axis Index:"

[node name="OptionButtons" type="HBoxContainer" parent="JoyAxisConfirm/VBox"]
layout_mode = 2

[node name="Device" type="OptionButton" parent="JoyAxisConfirm/VBox/OptionButtons"]
layout_mode = 2

[node name="Index" type="OptionButton" parent="JoyAxisConfirm/VBox/OptionButtons"]
layout_mode = 2

[node name="MouseConfirm" type="ConfirmationDialog" parent="."]
script = ExtResource("3_6twd5")

[node name="VBox" type="VBoxContainer" parent="MouseConfirm"]
anchors_preset = 15
anchor_right = 1.0
anchor_bottom = 1.0
offset_left = 8.0
offset_top = 8.0
offset_right = -8.0
offset_bottom = -36.0

[node name="Labels" type="HBoxContainer" parent="MouseConfirm/VBox"]
layout_mode = 2

[node name="Label" type="Label" parent="MouseConfirm/VBox/Labels"]
layout_mode = 2
size_flags_horizontal = 3
text = "Device:"

[node name="Label2" type="Label" parent="MouseConfirm/VBox/Labels"]
layout_mode = 2
size_flags_horizontal = 3
text = "Mouse Button Index:"

[node name="OptionButtons" type="HBoxContainer" parent="MouseConfirm/VBox"]
layout_mode = 2

[node name="Device" type="OptionButton" parent="MouseConfirm/VBox/OptionButtons"]
layout_mode = 2

[node name="Index" type="OptionButton" parent="MouseConfirm/VBox/OptionButtons"]
layout_mode = 2
