[gd_scene load_steps=8 format=2]

[ext_resource path="res://test_3D_fps_tutorial/virtual_controls/combinations/fw_vb-bw_vb-br_vb-st_ac.gd" type="Script" id=1]
[ext_resource path="res://test_3D_fps_tutorial/virtual_controls/virtual_button.tscn" type="PackedScene" id=2]
[ext_resource path="res://test_3D_fps_tutorial/virtual_controls/accelerometer.tscn" type="PackedScene" id=3]
[ext_resource path="res://test_truck_town/Images/buttons_map.png" type="Texture2D" id=4]

[sub_resource type="AtlasTexture" id=1]
flags = 5
atlas = ExtResource( 4 )
region = Rect2( 739, 0, 55, 55 )

[sub_resource type="AtlasTexture" id=2]
flags = 5
atlas = ExtResource( 4 )
region = Rect2( 739, 67, 55, 55 )

[sub_resource type="AtlasTexture" id=3]
flags = 5
atlas = ExtResource( 4 )
region = Rect2( 428, 674, 55, 55 )

[node name="FW_VB-BW_VB-BR_VB-ST_AC" type="Node3D"]
script = ExtResource( 1 )

[node name="FW_VB" parent="." instance=ExtResource( 2 )]
texture_normal = SubResource( 1 )
current_scale = Vector2( 3, 3 )
region_x_ratio = 0.05
region_y_ratio = 0.4
region_width_ratio = 0.45
region_height_ratio = 0.35

[node name="BW_VB" parent="." instance=ExtResource( 2 )]
texture_normal = SubResource( 2 )
current_scale = Vector2( 3, 3 )
region_x_ratio = 0.05
region_y_ratio = 0.75
region_width_ratio = 0.45
region_height_ratio = 0.2

[node name="BR_VB" parent="." instance=ExtResource( 2 )]
texture_normal = SubResource( 3 )
current_scale = Vector2( 2, 2 )
region_x_ratio = 0.5
region_y_ratio = 0.75
region_width_ratio = 0.45
region_height_ratio = 0.2

[node name="ST_AC" parent="." instance=ExtResource( 3 )]
