[gd_scene load_steps=12 format=2]

[ext_resource path="res://assets/PNG/Green/texture_09.png" type="Texture2D" id=1]
[ext_resource path="res://assets/PNG/Orange/texture_13.png" type="Texture2D" id=2]
[ext_resource path="res://assets/PNG/Purple/texture_01.png" type="Texture2D" id=3]
[ext_resource path="res://assets/PNG/Red/texture_11.png" type="Texture2D" id=4]

[sub_resource type="Environment" id=6]

[sub_resource type="StandardMaterial3D" id=1]
albedo_color = Color( 0.752941, 0.933333, 0.698039, 1 )

[sub_resource type="StandardMaterial3D" id=2]
albedo_color = Color( 0.796078, 0.541176, 0.211765, 1 )
albedo_texture = ExtResource( 1 )
uv1_triplanar = true

[sub_resource type="StandardMaterial3D" id=3]
albedo_color = Color( 0.388235, 0.647059, 0.921569, 1 )
albedo_texture = ExtResource( 3 )
uv1_triplanar = true

[sub_resource type="StandardMaterial3D" id=7]
albedo_color = Color( 0.768627, 0.0588235, 0.0588235, 1 )

[sub_resource type="StandardMaterial3D" id=8]
albedo_color = Color( 0.694118, 0.403922, 0.403922, 1 )
albedo_texture = ExtResource( 4 )
emission_enabled = true
emission = Color( 0.572549, 0.345098, 0.623529, 1 )
emission_energy = 1.0
emission_operator = 0
emission_on_uv2 = false
uv1_scale = Vector3( 5, 5, 1 )
uv1_triplanar = true

[sub_resource type="StandardMaterial3D" id=5]
albedo_color = Color( 0.996078, 1, 0.701961, 1 )
albedo_texture = ExtResource( 2 )
uv1_scale = Vector3( 5, 1, 1 )
uv1_triplanar = true

[node name="Scene" type="Node3D"]
__meta__ = {
"_edit_group_": true
}

[node name="Camera3D" type="Camera3D" parent="."]
transform = Transform3D( 0.207912, 0.0818493, -0.974717, 0, 0.996492, 0.0836778, 0.978148, -0.0173976, 0.207183, -9.24703, 3.37799, 1.21017 )

[node name="WorldEnvironment" type="WorldEnvironment" parent="."]
environment = SubResource( 6 )

[node name="VoxelGI" type="VoxelGI" parent="."]
transform = Transform3D( 1, 0, 0, 0, 1, 0, 0, 0, 1, 0, 5, 0 )
size = Vector3( 5.7, 5.5, 5.5 )
interior = true

[node name="ReflectionProbe" type="ReflectionProbe" parent="."]
transform = Transform3D( 1, 0, 0, 0, 1, 0, 0, 0, 1, 0, 5, 0 )
size = Vector3( 5.8, 5.6, 5.5 )
interior_enable = true

[node name="DirectionalLight3D" type="DirectionalLight3D" parent="."]
transform = Transform3D( -0.493943, 0.501205, -0.710502, 0, 0.817145, 0.576433, 0.869494, 0.284725, -0.403623, -14.2448, 11.114, -5.65447 )
visible = false
shadow_enabled = true
shadow_bias = 0.08

[node name="SpotLight3D" type="SpotLight3D" parent="."]
transform = Transform3D( 1, 0, 0, 0, -4.37114e-08, 1, 0, -1, -4.37114e-08, -3.1, 3.43852, -3.8 )

[node name="OmniLight3D" type="OmniLight3D" parent="."]
transform = Transform3D( 1, 0, 0, 0, 1, 0, 0, 0, 1, 0, 7.4119, 0 )
light_energy = 0.8
omni_range = 9.0

[node name="Room" type="CSGBox3D" parent="."]
transform = Transform3D( 1, 0, 0, 0, 1, 0, 0, 0, 1, 0, 5, 0 )
use_in_baked_light = true
invert_faces = true
width = 10.0
height = 10.0
depth = 10.0
material = SubResource( 1 )

[node name="Desk" type="CSGCombiner3D" parent="."]
transform = Transform3D( 0.9, 0, 0, 0, 1, 0, 0, 0, 0.9, 0.128527, 2.15, -3.59234 )
material_override = SubResource( 2 )
use_in_baked_light = true

[node name="surface" type="CSGBox3D" parent="Desk"]
use_in_baked_light = true
width = 4.0
height = 0.25
depth = 3.0

[node name="leg1" type="CSGBox3D" parent="Desk"]
transform = Transform3D( 1, 0, 0, 0, 1, 0, 0, 0, 1, -1, -1.125, -1 )
use_in_baked_light = true
width = 0.25
depth = 0.25

[node name="leg2" type="CSGBox3D" parent="Desk"]
transform = Transform3D( 1, 0, 0, 0, 1, 0, 0, 0, 1, -1, -1.125, 1 )
use_in_baked_light = true
width = 0.25
depth = 0.25

[node name="leg3" type="CSGBox3D" parent="Desk"]
transform = Transform3D( 1, 0, 0, 0, 1, 0, 0, 0, 1, 1, -1.125, 1 )
use_in_baked_light = true
width = 0.25
depth = 0.25

[node name="leg4" type="CSGBox3D" parent="Desk"]
transform = Transform3D( 1, 0, 0, 0, 1, 0, 0, 0, 1, 1, -1.125, -1 )
use_in_baked_light = true
width = 0.25
depth = 0.25

[node name="Bed" type="CSGCombiner3D" parent="."]
transform = Transform3D( -1.3, 0, -1.50996e-07, 0, 1, 0, 1.96295e-07, 0, -1, 0.705103, -1.5, 2.53392 )
material_override = SubResource( 3 )
use_in_baked_light = true

[node name="MattressBase" type="CSGBox3D" parent="Bed"]
transform = Transform3D( 1, 0, 0, 0, 1, 0, 0, 0, 1, 0, 2, 0 )
use_in_baked_light = true
width = 6.0
height = 1.0
depth = 4.0

[node name="Mattress" type="CSGBox3D" parent="Bed"]
transform = Transform3D( 1, 0, 0, 0, 1, 0, 0, 0, 1, 0, 2.65, 0 )
use_in_baked_light = true
width = 5.85
height = 0.3
depth = 3.85

[node name="Pillow" type="CSGCombiner3D" parent="Bed"]
transform = Transform3D( 1, 0, 0, 0, 1, 0, 0, 0, 1, -1.78312, 2.83173, 0 )

[node name="Part1" type="CSGSphere3D" parent="Bed/Pillow"]
transform = Transform3D( 1, 0, 0, 0, 0.4, 0, 0, 0, 1, 0, 0, 1.1 )
use_in_baked_light = true
radius = 0.8

[node name="Part2" type="CSGSphere3D" parent="Bed/Pillow"]
transform = Transform3D( 1, 0, 0, 0, 0.4, 0, 0, 0, 1, 0, 0, 0.124504 )
use_in_baked_light = true
radius = 0.8

[node name="Part3" type="CSGSphere3D" parent="Bed/Pillow"]
transform = Transform3D( 1, 0, 0, 0, 0.4, 0, 0, 0, 1, 0, 0, -0.949116 )
use_in_baked_light = true
radius = 0.8

[node name="Lamp" type="CSGCombiner3D" parent="."]
transform = Transform3D( 1, 0, 0, 0, 1, 0, 0, 0, 1, -3.048, 0.385, -3.848 )
use_in_baked_light = true
operation = 2

[node name="Base" type="CSGCylinder3D" parent="Lamp"]
use_in_baked_light = true
radius = 0.663625
height = 0.746672
cone = true
material = SubResource( 7 )

[node name="Pole" type="CSGCylinder3D" parent="Lamp"]
transform = Transform3D( 1, 0, 0, 0, 1, 0, 0, 0, 1, 0, 1.45079, 0 )
use_in_baked_light = true
radius = 0.05
height = 2.3
material = SubResource( 7 )

[node name="LampShade" type="CSGPolygon3D" parent="Lamp"]
transform = Transform3D( 1, 0, 0, 0, 1, 0, 0, 0, 1, 0, 2.4, 0 )
use_in_baked_light = true
polygon = PackedVector2Array( 0, 0.1, 0, 0.6, 0.4, 0.8, 0.8, 0 )
mode = 1
spin_degrees = 360.0
spin_sides = 8
material = SubResource( 8 )

[node name="BookShelf" type="CSGCombiner3D" parent="."]
transform = Transform3D( -0.8, 0, -1.20797e-07, 0, 1, 0, 1.20797e-07, 0, -0.8, 3.95049, 0.80449, -0.698801 )
material_override = SubResource( 5 )
use_in_baked_light = true

[node name="BoxExternal" type="CSGBox3D" parent="BookShelf"]
use_in_baked_light = true
width = 1.5
height = 1.5

[node name="Up" type="CSGBox3D" parent="BookShelf"]
transform = Transform3D( 1, 0, 0, 0, 1, 0, 0, 0, 1, 0.15, 0.336, 0 )
use_in_baked_light = true
operation = 2
width = 1.5
height = 0.65
depth = 1.85

[node name="Bottom" type="CSGBox3D" parent="BookShelf"]
transform = Transform3D( 1, 0, 0, 0, 1, 0, 0, 0, 1, 0.15, -0.364, 0 )
use_in_baked_light = true
operation = 2
width = 1.5
height = 0.65
depth = 1.85
