[gd_scene load_steps=14 format=3 uid="uid://dofnio8m8tq5e"]

[ext_resource type="Texture2D" uid="uid://cm4hm8k5l16an" path="res://assets/Images/jungle_stone_d.jpg" id="1_0015t"]
[ext_resource type="Shader" path="res://test_decal/decal_shader/decal.gdshader" id="1_qd23v"]
[ext_resource type="Texture2D" uid="uid://b7tqtw1xt28h4" path="res://assets/Images/snow_mud_d.jpg" id="2_fb3sr"]
[ext_resource type="Texture2D" uid="uid://p7c6itnr63g" path="res://assets/Images/snow_mud_n.jpg" id="3_c3qv3"]
[ext_resource type="Texture2D" uid="uid://bu71wubckmmuo" path="res://assets/Images/adesert_stone_d.jpg" id="3_f8idp"]
[ext_resource type="Texture2D" uid="uid://cliyetje7icph" path="res://assets/Images/front_image.png" id="6_33yiv"]

[sub_resource type="BoxMesh" id="BoxMesh_7f2r7"]
size = Vector3(25, 1, 25)

[sub_resource type="StandardMaterial3D" id="StandardMaterial3D_agv7x"]
albedo_texture = ExtResource("1_0015t")
uv1_scale = Vector3(25, 25, 25)

[sub_resource type="TorusMesh" id="TorusMesh_x2foy"]

[sub_resource type="Shader" id="Shader_hpq1l"]
code = "// NOTE: Shader automatically converted from Godot Engine 4.2.2.stable's StandardMaterial3D.

shader_type spatial;
render_mode blend_mix,depth_draw_opaque,cull_back,diffuse_burley,specular_schlick_ggx;
uniform vec4 albedo : source_color;
uniform sampler2D texture_albedo : source_color,filter_linear_mipmap,repeat_enable;
uniform float point_size : hint_range(0,128);
uniform float roughness : hint_range(0,1);
uniform sampler2D texture_metallic : hint_default_white,filter_linear_mipmap,repeat_enable;
uniform vec4 metallic_texture_channel;
uniform sampler2D texture_roughness : hint_roughness_r,filter_linear_mipmap,repeat_enable;
uniform float specular;
uniform float metallic;
uniform sampler2D texture_normal : hint_roughness_normal,filter_linear_mipmap,repeat_enable;
uniform float normal_scale : hint_range(-16,16);
uniform vec3 uv1_scale;
uniform vec3 uv1_offset;
uniform vec3 uv2_scale;
uniform vec3 uv2_offset;


void vertex() {
	UV=UV*uv1_scale.xy+uv1_offset.xy;
}






void fragment() {
	vec2 base_uv = UV;
	vec4 albedo_tex = texture(texture_albedo,base_uv);
	ALBEDO = albedo.rgb * albedo_tex.rgb;
	float metallic_tex = dot(texture(texture_metallic,base_uv),metallic_texture_channel);
	METALLIC = metallic_tex * metallic;
	vec4 roughness_texture_channel = vec4(1.0,0.0,0.0,0.0);
	float roughness_tex = dot(texture(texture_roughness,base_uv),roughness_texture_channel);
	ROUGHNESS = roughness_tex * roughness;
	SPECULAR = specular;
	NORMAL_MAP = texture(texture_normal,base_uv).rgb;
	NORMAL_MAP_DEPTH = normal_scale;
}
"

[sub_resource type="ShaderMaterial" id="ShaderMaterial_6obx8"]
render_priority = 0
shader = SubResource("Shader_hpq1l")
shader_parameter/albedo = Color(1, 1, 1, 1)
shader_parameter/point_size = 1.0
shader_parameter/roughness = 1.0
shader_parameter/metallic_texture_channel = null
shader_parameter/specular = 0.5
shader_parameter/metallic = 0.0
shader_parameter/normal_scale = 1.0
shader_parameter/uv1_scale = Vector3(3, 3, 3)
shader_parameter/uv1_offset = Vector3(0, 0, 0)
shader_parameter/uv2_scale = Vector3(1, 1, 1)
shader_parameter/uv2_offset = Vector3(0, 0, 0)
shader_parameter/texture_albedo = ExtResource("2_fb3sr")
shader_parameter/texture_normal = ExtResource("3_c3qv3")

[sub_resource type="BoxMesh" id="BoxMesh_l6se4"]

[sub_resource type="ShaderMaterial" id="ShaderMaterial_ktcjt"]
render_priority = 0
shader = ExtResource("1_qd23v")
shader_parameter/albedo = Color(1, 1, 1, 1)
shader_parameter/cube_half_size = 0.4
shader_parameter/uv1_scale = Vector3(10, 10, 1)
shader_parameter/uv1_offset = Vector3(0, 0, 0)
shader_parameter/texture_albedo = ExtResource("3_f8idp")

[node name="Scene" type="Node3D"]

[node name="Plane" type="MeshInstance3D" parent="."]
mesh = SubResource("BoxMesh_7f2r7")
surface_material_override/0 = SubResource("StandardMaterial3D_agv7x")

[node name="Torus" type="MeshInstance3D" parent="."]
transform = Transform3D(1, 0, 0, 0, 1, 0, 0, 0, 1, 0.966715, 0.69896, 0)
mesh = SubResource("TorusMesh_x2foy")
surface_material_override/0 = SubResource("ShaderMaterial_6obx8")

[node name="Decals" type="Node3D" parent="."]

[node name="DecalBox" type="MeshInstance3D" parent="Decals"]
transform = Transform3D(0.5, 0, 2.02139, 0, 0.08, 0, -0.866025, 0, 1.16705, 0, 0.476022, 0.279637)
mesh = SubResource("BoxMesh_l6se4")
skeleton = NodePath("../..")
surface_material_override/0 = SubResource("ShaderMaterial_ktcjt")

[node name="Decal" type="Decal" parent="Decals"]
transform = Transform3D(1, 0, 0, 0, 1, 0, 0, 0, 1, 0, 1.10612, -2.91264)
texture_albedo = ExtResource("6_33yiv")
