[gd_scene load_steps=6 format=2]

[ext_resource path="res://test_2D_lights_and_shadows/background.png" type="Texture2D" id=1]
[ext_resource path="res://test_2D_lights_and_shadows/light.png" type="Texture2D" id=2]
[ext_resource path="res://test_2D_lights_and_shadows/spot.png" type="Texture2D" id=3]
[ext_resource path="res://test_2D_lights_and_shadows/caster.png" type="Texture2D" id=4]

[sub_resource type="OccluderPolygon2D" id=1]
polygon = PackedVector2Array( -16, -16, 16, -16, 16, 16, -16, 16 )

[node name="LightShadows" type="Node2D"]
position = Vector2( 512, 297.755 )
__meta__ = {
"_edit_group_": true
}

[node name="Ambient" type="CanvasModulate" parent="."]
color = Color( 0.27451, 0.27451, 0.27451, 1 )

[node name="Background" type="Sprite2D" parent="."]
position = Vector2( -1.52588e-05, 0 )
scale = Vector2( 8, 4.6875 )
texture = ExtResource( 1 )

[node name="Light1" type="PointLight2D" parent="."]
position = Vector2( 352, -172 )
texture = ExtResource( 2 )
color = Color( 0.988235, 0.768627, 0.768627, 1 )
shadow_enabled = true
shadow_gradient_length = 1.3
shadow_filter = 3
shadow_filter_smooth = 11.1

[node name="Sprite2D" type="Sprite2D" parent="Light1"]
texture = ExtResource( 3 )

[node name="Light2" type="PointLight2D" parent="."]
position = Vector2( -349.621, 65.1023 )
texture = ExtResource( 2 )
color = Color( 0.603922, 0.662745, 0.968627, 1 )
shadow_enabled = true
shadow_gradient_length = 1.3
shadow_filter = 3
shadow_filter_smooth = 11.1

[node name="Sprite2D" type="Sprite2D" parent="Light2"]
texture = ExtResource( 3 )

[node name="Light3" type="PointLight2D" parent="."]
position = Vector2( 208, 252 )
texture = ExtResource( 2 )
color = Color( 0.560784, 0.988235, 0.890196, 1 )
shadow_enabled = true
shadow_gradient_length = 1.3
shadow_filter = 3
shadow_filter_smooth = 11.1

[node name="Sprite2D" type="Sprite2D" parent="Light3"]
texture = ExtResource( 3 )

[node name="Casters" type="Node2D" parent="."]

[node name="Caster1" type="Sprite2D" parent="Casters"]
position = Vector2( 16, 28 )
texture = ExtResource( 4 )

[node name="LightOccluder2D" type="LightOccluder2D" parent="Casters/Caster1"]
occluder = SubResource( 1 )

[node name="Caster2" type="Sprite2D" parent="Casters"]
position = Vector2( 152, -132 )
texture = ExtResource( 4 )

[node name="LightOccluder2D" type="LightOccluder2D" parent="Casters/Caster2"]
occluder = SubResource( 1 )

[node name="Caster3" type="Sprite2D" parent="Casters"]
position = Vector2( -136, 196 )
texture = ExtResource( 4 )

[node name="LightOccluder2D" type="LightOccluder2D" parent="Casters/Caster3"]
occluder = SubResource( 1 )

[node name="Caster4" type="Sprite2D" parent="Casters"]
position = Vector2( 384, 156 )
texture = ExtResource( 4 )

[node name="LightOccluder2D" type="LightOccluder2D" parent="Casters/Caster4"]
occluder = SubResource( 1 )

[node name="Caster5" type="Sprite2D" parent="Casters"]
position = Vector2( -272, -132 )
texture = ExtResource( 4 )

[node name="LightOccluder2D" type="LightOccluder2D" parent="Casters/Caster5"]
occluder = SubResource( 1 )
